4236 5580
1199 305 1256 392 68

473 507 520 564 llis
537 509 571 564 ita
590 508 752 585 praemissis',
769 507 884 566 tabulam
902 527 961 587 pag.
979 509 1013 565 69
1031 528 1154 565 excusam
1173 511 1364 573 examinemus,
1388 525 1453 584 qnae
1476 506 1622 562 universam
1645 502 1679 559 de
1701 501 1838 577 generibus
1859 512 1887 559 et
1907 501 2039 560 coloribus

406 593 549 649 doctrinam
569 595 690 662 continet,
709 596 777 650 sicut
795 615 808 649 a
828 592 1017 650 Ptolemaeo
1036 593 1082 650 lib.
1103 597 1127 663 l,
1146 614 1202 672 cap.
1220 594 1321 647 12-15
1339 601 1365 647 ct
1383 589 1443 646 libr.
1460 592 1485 656 9,
1505 609 1562 667 cap.
1576 591 1609 644 14
1626 588 1721 646 tradita
1738 599 1788 645 est.
1824 588 1885 663 Qui,
1901 600 2039 667 postquam

405 680 518 757 primum
536 680 649 736 rationes
666 698 681 733 a
698 680 782 737 tribus
800 678 1045 753 Pythagoraeis,
1063 678 1216 754 Archyta,
1234 675 1468 742 Eratosthene,
1487 675 1634 751 Didymo,
1653 673 1798 731 intervallis
1817 676 1895 731 trium
1914 693 2038 750 generum

406 763 530 831 tributas,
556 759 651 817 deinde
673 782 721 819 sex
740 765 1014 819 Aristoxenianos
1035 761 1137 818 colores
1158 764 1289 819 recensuit
1309 771 1337 817 et
1354 763 1494 817 maximam
1511 772 1612 839 partem
1630 762 1735 828 reiecit,
1759 770 1817 815 octo
1840 760 1893 839 ipsi
1915 760 2039 835 probatos

407 846 510 903 colores
533 846 650 926 protulit.
691 848 766 923 Quae
788 850 873 905 omnia
895 859 924 905 nt
941 852 1085 926 comparari
1102 850 1170 903 inter
1186 867 1215 902 ee
1232 848 1343 925 possint,
1365 848 1478 925 primum
1500 845 1594 921 singuli
1618 846 1742 922 cuiusque
1764 844 1866 919 generis
1884 843 1927 898 sel
1946 842 2038 898 coloris

406 933 464 988 soni
481 932 597 987 numeris
614 929 702 988 lractis
720 953 764 989 eas
782 931 956 1008 longitudines
974 932 1130 990 chordarum
1148 930 1323 1007 indicantibps
1340 932 1459 1008 expressi
1475 943 1551 996 eunt,
1573 949 1639 1004 quae
1662 930 1757 1006 cuique
1781 930 1915 995 conuenit,
1940 928 1962 983 si
1983 947 2037 1002 gra·

407 1017 531 1073 sissimae
549 1015 681 1091 longitudo
699 1028 741 1075 est
757 1038 792 1066 =
809 1022 832 1073 1.
867 1018 955 1093 Quem
972 1020 996 1075 si
1019 1034 1111 1075 sonum
1137 1036 1231 1074 resse
1249 1026 1405 1081 statuamus,
1429 1033 1509 1070 sonus
1531 1035 1549 1069 o
1570 1012 1714 1069 secundum
1737 1013 1881 1069 naturalem
1904 1014 2036 1078 rationem,

404 1121 484 1178 quam
502 1098 719 1177 Pythagoraei
738 1113 890 1180 agnoscunt,
909 1114 949 1159 est
964 1125 999 1151 =
1015 1105 1085 1174 6,75,
1100 1100 1245 1160 secundnm
1267 1120 1329 1159 vero
1346 1100 1646 1167 Aristoxenianam,
1663 1118 1731 1176 qnae
1749 1108 1790 1155 est
1806 1097 1955 1176 aequabilis
1973 1107 2036 1153 tem·

352 1259 357 1262 ,
404 1229 550 1298 perstnrae,
568 1239 602 1268 =
619 1190 692 1290 (lli)⁵
709 1242 744 1269 =
761 1223 865 1290 67499.
893 1220 996 1277 Deinde
1014 1223 1048 1276 ita
1066 1242 1112 1278 eos
1129 1239 1220 1278 omnes
1238 1218 1349 1277 dirersis
1365 1217 1523 1294 singularum
1541 1216 1668 1274 linearum
1686 1216 1752 1274 locis
1770 1217 1897 1297 disposui,
1915 1227 1946 1273 ut
1961 1217 2036 1273 iuter·

405 1302 472 1358 ralla
489 1302 551 1360 iude
569 1315 626 1360 nata
645 1307 671 1361 in
688 1304 779 1362 oculos
798 1305 934 1373 caderent,
953 1307 1076 1383 quocirca
1093 1309 1140 1362 toti
1157 1304 1262 1363 tabulae
1281 1307 1364 1361 serice
1381 1305 1581 1372 centesimarum
1599 1301 1714 1358 chordae
1736 1304 1850 1380 partium
1870 1300 1933 1359 iude
1957 1322 1971 1357 a
1992 1322 2037 1359 nu·

405 1409 477 1446 mero
494 1390 655 1467 septuaginta
673 1389 706 1445 ad
725 1410 860 1447 nnmerum
879 1402 981 1447 centnm
999 1392 1176 1469 superscripta
1193 1402 1242 1462 est,
1260 1391 1364 1447 omissis
1381 1400 1477 1455 tamen,
1495 1409 1575 1466 quum
1590 1386 1699 1464 pagolac
1710 1391 1823 1465 spatium
1833 1407 1884 1443 non
1895 1386 2036 1455 sulliceret,

404 1476 450 1542 iis,
473 1476 587 1552 quaein
609 1495 759 1553 supremum
783 1475 941 1532 tetrachordi
967 1485 1055 1531 tonum
1081 1474 1185 1533 cadunt.
1226 1475 1355 1550 Quamvis
1377 1477 1446 1530 enim
1469 1473 1571 1530 illorum
1594 1471 1790 1529 intervallorum
1813 1471 1966 1547 magnitudo
1987 1492 2036 1528 nou

404 1561 509 1615 omnino
527 1570 647 1617 accurate
665 1558 822 1637 respondeat
838 1562 871 1616 iis
887 1562 1015 1625 numeris,
1034 1562 1080 1637 qui
1097 1559 1254 1617 chordarum
1271 1559 1446 1634 longitudines
1465 1560 1627 1636 exprimunt,
1646 1568 1732 1614 tamen
1750 1556 1819 1634 quod
1837 1559 1864 1613 in
1882 1558 1959 1612 brevi
1976 1558 2036 1611 trie·

406 1645 505 1701 mitooii
530 1645 579 1712 (ab
604 1644 700 1723 hypate
718 1645 752 1701 ad
775 1644 922 1716 lichenum)
943 1647 1029 1723 spatio
1053 1644 1176 1702 meadum
1200 1643 1262 1700 inde
1280 1643 1403 1712 ellicitur,
1427 1647 1512 1701 urinas
1529 1655 1581 1712 est,
1599 1664 1676 1720 quam
1694 1641 1766 1720 quod
1784 1643 1860 1699 anxie
1878 1641 1923 1697 bic
1939 1660 2035 1715 urgeas,

404 1732 525 1808 qnoniam
543 1731 628 1809 priora
648 1728 699 1786 duo
717 1729 851 1786 intervalla
876 1734 904 1798 (e
920 1764 954 1773 -
967 1738 988 1801 s
1002 1737 1060 1800 ets
1075 1762 1107 1771 -
1119 1733 1172 1804 fis)
1197 1751 1276 1807 quum
1296 1730 1414 1807 aequalia
1434 1741 1460 1786 et
1477 1733 1544 1786 inter
1560 1750 1589 1785 se
1612 1739 1639 1785 et
1660 1729 1737 1784 tertio
1759 1730 1771 1789 l
1769 1733 1808 1799 jis
1826 1756 1858 1766 -
1875 1729 1910 1799 g)
1935 1728 2036 1805 proprie

405 1834 464 1871 esse
481 1813 619 1881 deberent,
638 1813 726 1893 paullo
745 1825 843 1873 tantum
861 1816 952 1873 latiora
970 1826 1116 1873 eraserunt.
1151 1817 1236 1892 Atque
1254 1813 1340 1879 locus,
1360 1818 1405 1892 qui
1423 1817 1517 1891 cuique
1536 1832 1599 1869 sono
1617 1812 1771 1870 tribuendus
1787 1810 1842 1868 lere
1860 1823 1913 1881 est,
1931 1810 2036 1889 parvula

405 1909 463 1955 nota
490 1900 557 1967 (ι)
580 1919 687 1955 numero
708 1903 883 1979 superscripta
905 1902 1040 1959 indicatur.
1075 1902 1130 1975 Qui
1152 1921 1216 1958 vero
1241 1902 1342 1958 numeri
1363 1903 1430 1956 inter
1448 1900 1495 1955 bas
1513 1909 1587 1954 notas
1604 1899 1695 1976 scripti
1719 1899 1897 1976 reperiuntur,
1923 1899 1950 1952 in
1968 1898 2036 1954 Ari·

408 1986 617 2041 stoxenianis
635 1983 773 2050 coloribus,
789 1989 888 2065 quippe
905 1989 949 2065 qni
967 1989 1019 2043 toni
1036 1989 1155 2063 partibus
1173 1988 1363 2064 exprimantur,
1380 1983 1454 2040 lrneti
1471 1995 1538 2052 sunt,
1558 1995 1585 2038 et
1601 1986 1654 2039 toni
1672 1993 1760 2061 partes
1777 1981 1906 2048 indicant,
1925 1992 1954 2038 ut
1971 1987 1996 2057 l,
2013 1987 2035 2053 l,

303 2107 309 2117 .
403 2068 517 2138 similes3
542 2081 630 2126 eontra
654 2072 680 2127 in
699 2069 994 2148 Pythagoraeorum
1017 2074 1157 2147 generibus
1175 2081 1202 2127 et
1220 2070 1401 2127 Ptolemaei
1421 2069 1564 2134 coloribus,
1587 2089 1697 2145 quorum
1719 2066 1856 2124 intervella
1880 2067 2036 2124 chordarum

404 2155 547 2211 rationibus
564 2157 765 2224 constituuntur,
784 2155 838 2212 bini
856 2167 916 2213 sunt
933 2166 959 2212 et
977 2155 1035 2213 illas
1053 2159 1165 2214 rationes
1183 2157 1341 2235 exprimunt,
1359 2155 1465 2212 ιι1ιι9
1482 2176 1489 2210 ι
1506 2157 1532 2221 8,
1551 2157 1585 2209 46
1602 2174 1609 2209 ι
1626 2156 1661 2208 ts
1678 2164 1705 2210 et
1723 2156 1813 2209 ceteri.
1854 2153 1929 2228 Quas
1953 2164 2036 2208 ternas

408 2241 533 2315 cuiusque
551 2243 653 2314 generis
670 2240 712 2296 rel
731 2240 826 2297 eoloris
844 2243 964 2310 rationes,
983 2243 1028 2299 ubi
1045 2240 1244 2321 multiplicando
1262 2243 1446 2319 composueris.
1464 2242 1589 2296 rationem
1603 2236 1763 2295 diatessaron
1780 2237 1912 2294 intervalli
1929 2259 1965 2285 =
1980 2239 2036 2292 ⁴2³

405 2325 502 2401 ubique
521 2327 645 2403 reperies.
682 2325 720 2381 lta
737 2327 793 2381 28:
813 2329 847 2381 97
870 2338 893 2383 Χ
915 2330 950 2382 36
967 2347 974 2382 z
991 2331 1025 2381 ³5
1048 2339 1071 2383 Χ
1093 2330 1109 2381 5
1128 2347 1135 2378 =
1153 2332 1171 2382 4
1187 2347 1221 2374 =
1239 2329 1256 2380 4
1276 2347 1283 2381 :
1301 2328 1329 2393 3,
1348 2326 1430 2381 etsie
1448 2327 1538 2380 ceteri.
1573 2327 1659 2401 Atque
1683 2325 1797 2381 eflicitur
1814 2323 1865 2379 bac
1886 2322 1987 2391 tabula,
2007 2333 2034 2378 ιι

406 2407 524 2464 diversae
543 2408 737 2466 intervallorum
758 2410 946 2467 metiendornm
965 2413 1077 2468 rationes
1096 2413 1240 2489 comparari
1257 2412 1369 2467 invicem
1387 2411 1495 2487 possint.
1535 2408 1616 2467 Cuius
1634 2411 1835 2488 comparationis
1853 2429 1931 2467 uuum
1950 2427 2035 2464 exem·

404 2493 478 2572 plum
496 2492 621 2570 eligamus
639 2492 697 2550 illas
713 2514 793 2574 supra
811 2497 944 2575 expositas
961 2507 1015 2552 tres
1034 2497 1154 2563 rationes,
1172 2495 1332 2563 hodiernam,
1352 2516 1417 2572 quae
1430 2494 1611 2551 Ptolemaei
1622 2494 1727 2551 diatono
1741 2498 1853 2561 intenso,
1870 2503 1896 2548 et
1911 2503 2035 2559 veterem,

405 2598 472 2657 qnae
489 2578 606 2636 eiusdem
625 2578 728 2635 diatono
747 2579 860 2637 ditonico
878 2581 1047 2660 respondent,
1066 2589 1093 2635 et
1110 2598 1168 2637 eam
1186 2599 1252 2656 quae
1270 2591 1310 2636 est
1322 2579 1468 2656 aequabilis
1481 2591 1699 2682 temperaturae:
1705 2580 1771 2636 haec
1784 2581 1854 2635 enim
1866 2579 2035 2634 Aristoxe-

405 2666 499 2721 niano
517 2663 646 2721 diatono'
639 2676 740 2721 intenso
757 2667 879 2741 congruit
921 2666 1006 2742 Quam
1025 2676 1182 2743 postremam
1202 2665 1276 2721 rides
1295 2666 1407 2721 mediam
1427 2665 1480 2720 lere
1499 2685 1556 2721 esse
1574 2667 1641 2721 inter
1659 2667 1760 2744 priores
1781 2662 1851 2720 duas

474 2748 529 2805 lam
547 2770 609 2806 sero
626 2770 712 2828 neque
730 2749 835 2808 illorum
853 2752 1057 2815 Aristoxeni,
1080 2771 1164 2829 neque
1183 2750 1365 2807 Ptolemaei
1388 2749 1502 2806 colorum
1526 2749 1607 2816 ullum
1624 2759 1729 2828 praeter
1746 2766 1933 2814 enarmonium
1956 2744 2034 2802 chro·
2066 2744 2069 2751 “

404 2825 536 2903 ιιιιῐιιιι,
555 2835 713 2892 diatonicum
731 2855 811 2912 genus
829 2857 943 2916 uquam
961 2839 987 2894 in
1004 2847 1140 2938 poetarum
1158 2847 1184 2893 et
1202 2838 1361 2893 musicorum
1379 2856 1427 2894 usu
1445 2836 1532 2903 luisse,
1550 2834 1599 2892 sed
1614 2834 1677 2892 solis
1692 2832 1907 2913 philosophorum
1921 2832 2036 2906 argutiis,

405 2923 531 2978 musicam
543 2920 691 2978 docentium
709 2924 795 3000 potius
813 2944 890 2999 quam
909 2943 970 2979 rere
989 2924 1166 2980 exercentium
1184 2924 1302 2979 inventos
1320 2942 1364 2977 eos
1382 2941 1448 2989 esse,
1467 2931 1538 2977 recte
1556 2920 1714 2976 contendere
1732 2918 1906 2975 mihisideoc.
1933 2917 2038 2973 Etenim

406 3026 487 3083 quum
501 3006 660 3062 diatonicum
676 3007 855 3063 tantummodo
869 3010 990 3086 primatus
1002 3019 1138 3066 caneretur
1148 3028 1237 3083 genus
1254 3020 1357 3065 veteres
1372 3006 1433 3063 illae
1447 3008 1560 3063 rationes
1578 3007 1669 3073 (2562
1685 3008 1737 3060 913
1759 3006 1846 3061 xli:
1863 3005 1990 3059 8Χ9ι
2007 3004 2037 3071 8)

405 3094 431 3148 ei
448 3111 462 3146 a
480 3090 670 3166 Pythagora,
687 3091 769 3146 vel
748 3111 771 3146 ιι
789 3094 848 3169 quis
867 3093 934 3151 alius
955 3094 1021 3149 hane
1040 3094 1208 3149 doctrinam
1200 3094 1311 3159 rnrenit,
1328 3094 1439 3150 tributas
1457 3103 1524 3159 sunt,
1543 3089 1569 3146 id
1588 3089 1658 3169 qnod
1677 3093 1709 3146 ab
1727 3091 1849 3145 omnibus
1864 3088 2038 3167 scriptoribus

405 3195 498 3251 magno
519 3196 590 3232 eum
602 3195 729 3231 consensu
751 3176 868 3232 traditur.
907 3177 961 3234 Sed
984 3188 1122 3256 postqnam
1146 3178 1198 3233 duo
1219 3176 1265 3234 illa
1290 3197 1397 3252 genere,
1420 3178 1598 3233 enarmonium
1621 3186 1648 3231 et
1665 3174 1877 3232 chromaticum
1869 3184 1989 3239 inventa,
2013 3183 2039 3230 et

405 3261 564 3337 interpositis
580 3261 651 3316 sonis
669 3259 808 3339 depravata
826 3271 894 3329 sunt,
912 3282 990 3338 quum
1008 3265 1089 3328 sonis,
1110 3264 1153 3339 qui
1172 3261 1232 3318 inde
1251 3259 1440 3331 efficiebantur,
1459 3264 1572 3318 rationes
1589 3261 1738 3340 quaerendo
1755 3279 1841 3337 neque
1859 3261 2039 3315 enarmonium

408 3365 495 3422 neque
518 3344 704 3402 chromaticum
727 3343 821 3399 πυκνόν
844 3346 989 3422 aequaliter
1012 3347 1129 3423 bipertiri
1148 3345 1363 3423 Pythagoraei
1384 3357 1502 3426 possent,
1527 3346 1571 3402 alii
1593 3347 1657 3403 alias
1679 3349 1792 3402 rationes
1813 3342 2039 3400 tetrachordorum

405 3432 628 3507 excogitaremnt,
646 3429 673 3487 ld
690 3433 856 3510 potissimum
873 3441 1034 3509 spectantes,
1050 3443 1092 3500 ut,
1115 3452 1193 3509 quum
1213 3437 1377 3490 consonantia
1395 3431 1530 3489 intervalla
1548 3432 1702 3511 plerumque
1720 3443 1763 3488 aut
1782 3428 1914 3508 duplicem
1934 3431 1966 3496 (9
1984 3451 1990 3484 :
2011 3431 2039 3495 l)

406 3527 451 3573 sut
472 3516 644 3593 multiplicem
668 3517 698 3583 (3
715 3536 723 3570 ι
742 3518 770 3584 l,
788 3518 805 3569 4
823 3535 830 3571 :
850 3519 879 3583 l,
898 3520 962 3583 cet)
987 3527 1032 3574 aut
1053 3518 1318 3596 superparticularnm
1338 3518 1500 3590 (ἐπιμόριον,
1518 3520 1536 3575 ἰ.
1554 3540 1576 3585 e,
1595 3538 1611 3574 n
1628 3540 1635 3573 ι
1653 3540 1668 3574 ιι
1687 3549 1719 3559 -
1741 3519 1768 3584 l)
1791 3519 1916 3572 rationem
1940 3513 2041 3570 babere

298 3615 302 3631 ·
406 3600 538 3667 viderent,
561 3603 782 3680 superpartientes
802 3604 916 3659 rationes
943 3604 1094 3676 (ἓιιιμιριῐι,
1114 3605 1133 3660 i.
1153 3624 1177 3659 c.
1196 3625 1271 3664 ιιι
1290 3635 1321 3645 -
1340 3607 1380 3672 ιι)
1404 3604 1446 3660 vel
1470 3604 1497 3658 in
1518 3603 1711 3659 dissonantibus
1733 3600 1878 3658 intervallis
1899 3598 2041 3655 admittere

392 3705 485 3764 oquam
502 3688 614 3743 maxime
631 3698 761 3745 carerent.
788 3687 841 3763 Qui
859 3689 928 3744 enim
946 3687 996 3744 hoe
1013 3689 1192 3764 negligebant,
1210 3692 1348 3769 vituperati
1366 3690 1399 3745 ab
1417 3690 1477 3745 aliis
1495 3699 1563 3754 sunt,
1581 3698 1610 3744 ut
1626 3686 1793 3762 Archytas
1811 3707 1825 3742 a
1845 3684 2039 3742 Ptolemaeo

406 3770 464 3828 libr.
482 3775 506 3826 l.
524 3793 579 3851 cap.
600 3775 641 3827 ll.
659 3782 766 3850 propter
783 3792 863 3847 genus
880 3773 1083 3840 chromaticum,
1106 3776 1248 3833 rationibus
1270 3796 1320 3832 non
1341 3772 1621 3855 superparticularibus
1644 3774 1678 3829 ab
1700 3792 1732 3828 eo
1755 3773 1943 3850 compositum
1967 3770 2041 3849 quod

406 3876 487 3933 qaum
504 3855 546 3913 bis
563 3857 671 3933 integris
686 3861 802 3916 numeris
819 3860 1003 3937 expressisset:

508 3943 526 4027 ⁴¹
642 3979 837 4034 semaa
884 3948 1423 4047 ......9..ιιι·,ιιι..
1460 3947 1593 4046 9....
1606 3978 1802 4032 masaa.
1848 3945 1955 4041 ,9

473 3987 593 4098 9016..
884 4016 1009 4103 Η1944
1447 4050 1512 4103 1799
1848 4012 1972 4099 '1512

407 4137 540 4212 παιᾶμὶι
557 4143 635 4213 dp
606 4144 806 4220 ιηιιιιόθεσιν,
823 4148 914 4224 inquit,
932 4144 965 4208 oie
982 4153 1085 4218 ἔφαμεν
1104 4142 1173 4216 ιῦιῳ
1190 4170 1229 4201 ιι
1231 4169 1277 4202 ιι
1278 4146 1334 4216 άθη
1352 4145 1382 4201 ab
1398 4170 1470 4244 χιιιμ
1461 4172 1527 4202 resec
1505 4145 1558 4201 ιιὸι
1575 4168 1641 4220 ιιιρι
1639 4142 1784 4217 iffzoptoa
1770 4141 1919 4218 oydpreir
1907 4137 2038 4218 ηἰφῆβ

408 4218 523 4297 ιῖριθμὸς
545 4224 630 4283 οὔτε
623 4229 687 4301 πρὸς
706 4229 787 4284 edre
773 4234 822 4285 seir
845 4231 930 4302 mpori
950 4242 1020 4289 soris
1042 4232 1183 4301 λιγιιίπι
1154 4255 1244 4305 pop
1236 4255 1287 4298 oa
1309 4229 1396 4286 oleret
1389 4231 1451 4303 πρὸς
1471 4255 1517 4286 ιιι
1537 4256 1587 4286 ιιιι
1574 4227 1731 4305 modunl.
1763 4230 1850 4308 Atque
1868 4241 1956 4287 cetera
1973 4251 2038 4288 nne

407 4308 642 4387 Pythagoraemum
660 4335 754 4389 genera
771 4319 857 4374 omnia
874 4319 1125 4397 superparticulares
1143 4321 1256 4375 rationes
1273 4329 1369 4383 tenent,
1393 4338 1443 4375 uno
1461 4317 1689 4377 Eratosthenis
1707 4317 1811 4375 diatono
1828 4327 1948 4394 excepto,
1967 4314 2039 4394 qnod

407 4407 523 4454 veterem
540 4397 612 4456 lllam
631 4399 832 4478 Pythagoraeam
850 4402 1009 4459 tetrachordi
1026 4404 1180 4461 divisionem
1198 4414 1294 4462 servat.
1330 4402 1385 4460 Sed
1403 4424 1481 4479 quum
1501 4405 1632 4463 intervalli
1649 4406 1809 4462 diatessaron
1826 4403 1900 4468 ratio,
1918 4412 2040 4479 quaeest

408 4483 451 4536 4·
469 4485 500 4551 3,
523 4482 688 4543 multilariam
704 4490 730 4545 ln
749 4497 835 4544 ternas
853 4487 1104 4566 superparticulares
1121 4492 1233 4547 rationes
1252 4488 1334 4546 dividi
1351 4499 1454 4568 posset,
1477 4489 1574 4546 multae
1592 4490 1721 4548 eiusmodi
1743 4489 1886 4545 divisiones
1909 4508 1924 4543 ι
1941 4484 2040 4561 Pythe-

408 4570 510 4642 guraeis
535 4579 649 4626 tentatae
666 4583 725 4627 ante
743 4574 935 4629 Aristoxeni
953 4582 1069 4652 tempora
1087 4576 1143 4631 sine
1161 4575 1241 4632 dubio
1259 4585 1331 4639 sunt,
1354 4585 1381 4630 ut
1404 4593 1437 4630 ex
1459 4594 1509 4630 una
1527 4575 1706 4650 Archytae,
1728 4596 1742 4630 a
1760 4571 1913 4629 Ptolemaeo
1934 4582 2039 4630 serrata

410 4652 659 4718 (Eratosthenes
677 4659 746 4712 enim
766 4669 792 4713 et
809 4656 971 4733 Didymus
988 4670 1047 4732 post
1064 4659 1200 4717 Christum
1218 4671 1305 4717 natum
1324 4661 1457 4729 vixerunt)
1475 4659 1635 4736 intelligitur,
1652 4682 1718 4738 quae
1737 4661 1832 4716 mirum
1850 4666 1975 4735 quantum
1993 4655 2040 4712 ab·

409 4736 497 4796 horret
523 4762 538 4796 a
565 4743 658 4818 priscis
688 4740 873 4818 Pythagoraeis
901 4744 1051 4802 rationibus.
1095 4745 1187 4802 Nonae
1216 4750 1285 4803 enim
1314 4744 1379 4802 alios
1406 4744 1597 4847 Pythagoraeos
1625 4746 1725 4813 eredis,
1757 4744 1883 4801 limmatis
1912 4743 2040 4801 rabonem

408 4824 484 4881 956·
501 4829 567 4895 943,
584 4828 742 4904 smagistro
759 4831 925 4886 constitutam
941 4848 1076 4898 servasse,
1093 4842 1120 4887 et
1135 4831 1229 4888 hunc
1221 4851 1248 4887 ιι
1266 4831 1372 4887 modum
1390 4832 1566 4888 enarmonium
1583 4850 1664 4906 genus
1680 4831 1871 4909 composuisse:

740 4915 1701 4989 sta:tssxtss:tsa(=tst:tt3)xstztt=423t
1806 4926 1811 4943 ⁶
