4236 5580
1019 296 1076 385 66

233 517 311 584 atque
327 507 465 562 severitate
475 504 572 560 Duriae
590 502 677 559 scalae
695 503 845 569 abhorrens,
863 501 933 559 unde
949 499 1055 572 ἥδιστον
1071 508 1113 557 καὶ
1131 498 1221 573 γοερὰν
1239 501 1271 557 ab
1286 500 1433 558 Aristide
1450 519 1478 578 p.
1498 500 1546 553 111
1565 508 1592 555 et
1611 499 1645 555 ab
1662 497 1714 555 boe
1732 499 1860 576 scriptore

232 602 298 650 sect.
314 593 349 645 λδ
366 601 479 647 vocatur.
515 588 569 646 Cir.
586 587 680 645 Theo
698 589 822 665 Smyrn.
841 610 866 667 p.
885 590 925 644 st.
962 589 1053 667 ltaque
1071 599 1115 646 aut
1136 607 1195 643 raro
1217 598 1261 643 aut
1282 607 1412 663 nunqnam
1434 583 1581 642 adhibitum
1605 596 1647 641 eat
1667 586 1693 640 in
1720 582 1861 658 tragoedia,

233 686 337 734 anctore
354 673 540 743 Plutarcho,
559 694 613 751 cap.
631 678 678 728 20:
696 676 730 740 τῳ
747 672 795 744 γὰρ
812 675 960 743 χρωματικῷ
977 681 1041 741 γε’νει
1058 679 1099 727 mi
1116 673 1151 740 τῳ
1167 673 1262 743 poppo}
1277 673 1405 742 τραγῳδία
1422 677 1468 741 μὶν
1486 664 1584 723 οόδίπω
1602 668 1861 740 καὶτημερονκέχρη·

232 783 290 825 ται,
308 762 358 817 etsi
377 760 428 816 alio
446 758 518 826 loeo,
536 756 658 837 Sympos.
677 758 725 826 lll,
745 762 771 823 l,
793 758 826 813 dc
844 757 1011 832 Agathone
1030 760 1108 827 dicit,
1126 753 1158 809 ὅν
1175 758 1275 828 πρῶτον
1293 760 1328 816 εἰς
1344 757 1486 827 τραγῳδίαν
1503 760 1582 825 φασὶν
1599 757 1717 826 ἐμβαλεῖν
1733 758 1777 806 καὶ
1793 750 1860 806 ὑπο-

232 850 305 917 μῖξαι
320 844 350 898 τό
368 843 536 916 χρωματικόν.
572 843 626 900 Cir.
644 844 861 900 Aristoxenus
880 861 936 919 pag.
953 846 1001 908 2³,
1019 846 1064 921 qni
1083 842 1234 899 chromatici
1252 843 1354 915 generis
1372 838 1504 896 studiosos
1523 841 1636 896 musicos
1656 841 1801 917 vituperat,
1816 837 1862 893 ad·

233 929 311 987 dena:
334 929 429 983 τούτου
447 923 470 983 δ
489 926 619 981 aternani
638 927 781 995 βούλεσθαι
797 930 938 995 γλυκαίνειν
956 922 1004 981 ciel.
1044 927 1148 983 Deinde
1166 927 1234 982 bene
1252 947 1320 983 nunc
1337 927 1406 981 inter
1423 945 1452 980 se
1471 924 1603 981 conciliari
1626 934 1736 1003 possunt
1759 923 1860 980 diversa

233 1026 351 1073 veterum
370 1013 404 1070 de
422 1016 570 1071 enarmonio
587 1033 680 1089 genere
698 1012 793 1069 iudicia
813 1022 891 1089 atque
909 1014 1066 1071 testimonia.
1096 1010 1151 1069 Ubi
1169 1015 1239 1068 enim
1258 1012 1466 1087 antiquissimum
1485 1020 1511 1066 et
1528 1008 1733 1088 pulcherrimum
1746 1009 1861 1065 omnium

234 1118 359 1177 generum
382 1097 447 1156 illud
470 1110 592 1168 vocatur,
615 1098 648 1155 de
671 1109 759 1154 vetere
778 1096 925 1165 harmonia,
947 1099 979 1153 ab
998 1096 1136 1176 Olympo
1153 1100 1273 1161 inventa,
1296 1093 1463 1169 cogitandum
1481 1104 1529 1152 eat.
1569 1093 1625 1151 Cir.
1644 1096 1862 1151 Aristoxenus

235 1204 293 1264 pug.
310 1187 356 1240 23:
371 1179 425 1237 Ὅτι
442 1178 466 1237 δ’
485 1190 536 1238 ἐστι
553 1206 589 1245 τις
606 1187 744 1253 μελοποιΐα
762 1181 864 1236 διτόνου
881 1184 987 1248 λιχανοῦ
1003 1185 1122 1254 δεομένη,
1140 1188 1182 1235 καὶ
1200 1176 1259 1248 oili
1276 1178 1423 1250 φαυλοτάτη
1441 1201 1482 1250 γε,
1503 1173 1567 1233 ἄλλα
1584 1177 1675 1245 σχεδόν
1693 1176 1711 1247 ἦ
1733 1181 1862 1246 καλλίστη,

233 1279 289 1330 τοῖς
304 1275 351 1339 μὲν
367 1272 471 1328 πολλοῖς
489 1271 537 1321 τῶν
555 1270 598 1322 νῦν
616 1265 765 1338 ἁπτομένων
781 1269 903 1337 μουσικῆς
930 1262 961 1320 οὗ
984 1267 1051 1321 πάνυ
1069 1264 1176 1336 εὔδηλόν
1194 1274 1254 1320 ἐστι’
1272 1274 1370 1333 γίνοιτο
1388 1259 1455 1336 μέντ’
1475 1259 1506 1316 όν
1523 1271 1675 1331 ἐπαχθεῖσαν
1694 1258 1793 1322 αἰετοῖς·
1809 1271 1862 1321 τοῖς

235 1358 261 1408 di
279 1361 482 1424 συνειθισμένοις
501 1356 552 1406 τῶν
573 1347 700 1424 όρχαῖνῶν
720 1349 830 1423 τρόπον,
849 1362 904 1413 τοῖς
924 1374 950 1406 τε
974 1351 1081 1426 πρώτοις
1102 1356 1145 1404 καὶ
1166 1361 1221 1411 τοῖς
1239 1354 1370 1423 δευτίροις,
1390 1351 1480 1409 ἱκανοῖς
1506 1348 1583 1417 δῆλόν
1601 1355 1652 1403 ἐστι
1668 1345 1699 1402 τό
1717 1345 1861 1418 λεγόμενον.

235 1438 302 1496 Item
321 1458 377 1517 pag.
395 1441 413 1492 2
430 1438 505 1495 dicit:
545 1435 611 1497 Τοὺς
627 1442 673 1507 μέν
697 1429 742 1489 οὖν
766 1441 914 1508 ἔμπροσθεν
939 1433 1089 1509 ἁρμονικοῖς
1111 1441 1175 1489 εἶναι
1198 1433 1340 1504 βούλεσθαι
1361 1434 1456 1506 μόνον,
1481 1428 1575 1504 (αὐτῆς
1597 1432 1646 1507 γὰρ
1666 1435 1713 1501 τῆς
1735 1428 1861 1504 ἁρμονίας

233 1520 346 1591 ἥπτοντο
354 1521 444 1592 μόνον·
461 1523 511 1574 anie
524 1516 547 1574 δ’
557 1518 638 1574 ἄλλων
654 1522 731 1588 γενῶν
748 1516 871 1591 οὐδεμίαν
887 1519 989 1575 πώποτε
1007 1527 1105 1575 λννοιαν
1122 1519 1209 1588 εἶχον)
1226 1529 1332 1591 σημεῖον
1350 1523 1391 1574 δέ·
1407 1518 1440 1573 τό
1456 1517 1505 1592 γὰρ
1519 1516 1699 1592 διαγράμματα
1717 1511 1863 1577 αὗτοῖςτοῖν

235 1605 362 1678 ἆρμονιοῖν
381 1612 482 1660 ἔκκειται
498 1602 580 1676 μόνον
597 1605 771 1676 συστημάτων·
789 1606 912 1659 διατόνονν
930 1610 956 1659 δὲ
974 1602 993 1675 εἲ
1008 1608 1170 1679 χρυματικών
1188 1599 1271 1663 οὐδεὶς
1288 1597 1385 1657 πώποτ’
1407 1603 1505 1675 ἑώρακε·
1528 1625 1606 1682 quem
1627 1603 1716 1660 locuto
1739 1611 1863 1680 spectans

235 1690 433 1748 Plutarchus
455 1691 520 1748 dicit
542 1711 599 1768 cop.
616 1691 662 1747 34:
685 1687 742 1744 οὔτε
764 1697 821 1762 περὶ
841 1690 988 1762 χρώματος,
1012 1687 1070 1744 οὗτε
1087 1696 1145 1762 περὶ
1163 1689 1282 1743 διατόνου
1302 1695 1328 1741 οἱ
1346 1686 1394 1760 πρό
1413 1685 1485 1759 ἡμῶν
1506 1693 1597 1767 (qnasi
1620 1689 1653 1750 de
1675 1707 1724 1743 suo
1746 1698 1864 1765 tempore

234 1775 370 1855 loquatur)
392 1773 558 1841 ἐπεσκόπουν,
586 1769 650 1828 ἄλλά
667 1781 724 1847 περὶ
745 1775 828 1847 μόνου
851 1779 899 1828 τοῦ
914 1782 1074 1848 ἐναρμονίου.
1110 1776 1181 1832 llaec
1204 1776 1281 1851 igitur
1304 1773 1337 1830 de
1360 1784 1449 1831 vetere
1473 1785 1499 1830 et
1515 1773 1625 1852 pulchra
1643 1773 1779 1829 harmonia
1797 1772 1864 1827 dicta

235 1871 308 1929 sunt,
326 1880 393 1938 qnae
412 1861 461 1918 boe
479 1863 537 1940 ipso
554 1862 657 1916 nomine
673 1871 781 1940 propter
799 1863 997 1938 praestantiam,
1021 1866 1095 1938 qnasi
1115 1858 1225 1934 ἁρμονία
1243 1854 1295 1912 κατ’
1313 1857 1402 1928 dionesie
1419 1869 1509 1915 vocata
1533 1869 1585 1927 eet,
1608 1868 1638 1915 nt
1658 1858 1723 1914 dicit
1740 1859 1864 1913 Aristo·

234 1964 336 2003 xenos
362 1957 428 2002 lesio
451 1943 585 2003 Theoue
609 1964 668 2025 pag.
686 1947 733 2001 88:
762 1949 913 1998 Κολεῑσθαι
937 1949 965 2000 δι’
980 1967 1057 2016 φησιν
1073 1940 1287 2018 Ἀριστόξενος
1303 1947 1379 1998 τοίνεο
1397 1942 1427 1997 τό
1445 1952 1627 2017 προειρημένον
1642 1950 1713 2011 γένος
1730 1940 1865 2015 ἁρμονίαν,

235 2028 278 2084 διὰ
294 2029 323 2082 τό
338 2034 404 2083 εἶναι
421 2027 533 2102 ἄριστον,
551 2029 744 2100 ἐπενεγκόμενον
762 2031 809 2083 τοῦ
826 2028 922 2090 παντός
937 2027 1100 2103 ιῗρμοσμίνου
1117 2028 1164 2098 τὴν
1181 2035 1357 2101 προσηγορίαν.
1387 2028 1441 2084 Cir.
1459 2027 1620 2086 Aristidis
1638 2028 1711 2085 locus
1729 2048 1790 2106 pag.
1807 2029 1865 2093 lli,

234 2136 313 2194 sopra
324 2114 444 2172 laudatus
462 2138 521 2195 pag.
532 2119 574 2175 59.
601 2116 676 2192 Quae
694 2136 757 2172 roro
775 2118 862 2171 statim
881 2114 972 2172 Theo
989 2116 1074 2171 addit:
1092 2121 1143 2169 iou
1161 2119 1187 2168 δὲ
1205 2113 1455 2184 δυςμελῳδηεόεατον
1471 2119 1524 2179 καὶ,
1542 2110 1574 2173 ὥς
1591 2112 1683 2174 ἐκεῖνός
1699 2135 1773 2184 φησι,
1790 2111 1865 2183 φιλό-

234 2220 331 2270 τεχνον,
365 2205 407 2253 καὶ
424 2204 519 2270 πολλῆς
536 2199 657 2271 δεόμενον
675 2207 822 2268 συνηθείας,
840 2197 905 2253 ὅθεν
926 2195 980 2255 οἶδ’
999 2206 1034 2261 τίς
1049 2203 1142 2272 χρῆσιν
1160 2203 1254 2271 ῥαδίως
1272 2204 1377 2271 ἐρχεναι,
1395 2202 1493 2278 quippe
1510 2219 1577 2276 quae
1596 2202 1677 2276 priori
1695 2198 1736 2255 illi
1753 2199 1788 2255 de
1805 2197 1863 2253 har·

235 2288 322 2342 monia
339 2288 483 2341 sententiae
500 2288 604 2343 omnino
623 2288 748 2341 contraria
767 2289 834 2355 aiut,
856 2289 882 2342 in
900 2288 1074 2365 posteriorum
1093 2297 1239 2364 temporum
1258 2282 1430 2348 harmoniam,
1450 2286 1600 2359 interposita
1622 2286 1708 2361 primo
1728 2283 1863 2343 intervallo

237 2370 304 2426 diesi
322 2368 502 2448 depravatam,
527 2379 616 2448 aperte
634 2371 750 2427 tendunt.
786 2369 864 2445 Quod
883 2392 975 2428 recens
994 2372 1171 2428 enarmonium
1189 2388 1270 2445 genus
1287 2380 1410 2447 spectans
1427 2369 1649 2427 Aristoxenus
1666 2368 1732 2427 hace
1749 2367 1815 2425 dicit
1831 2367 1863 2424 de

236 2454 374 2529 generibus
396 2474 452 2531 pag.
475 2455 519 2509 19:
542 2456 651 2525 Πρῶτον
671 2461 718 2525 μέν
742 2450 788 2508 οὖν
808 2461 849 2508 καὶ
867 2455 1037 2527 πρεσβύτατον
1055 2452 1136 2508 αὗτοῖν
1155 2462 1246 2508 θετέον
1262 2457 1292 2506 τό
1311 2453 1437 2507 διάτονον·
1455 2454 1555 2527 πρῶτόν
1571 2475 1597 2507 τε
1615 2449 1698 2508 edred
1714 2451 1731 2523 ἦ
1746 2455 1794 2507 τοι]
1812 2449 1861 2506 όν-

236 2537 348 2610 θριόπου
370 2539 446 2609 φύσις
468 2537 650 2610 προτυγχάνει·
670 2538 786 2612 δεύτερον
804 2539 878 2593 δὲτὸ
894 2539 1068 2613 χρωματικόν·
1086 2545 1171 2610 τρίτον
1190 2543 1215 2592 di
1234 2545 1275 2591 eni
1295 2535 1423 2592 ἀνώτατον
1440 2538 1469 2592 τό
1487 2538 1649 2611 ἐναρμόνιον·
1666 2544 1796 2606 τελευταίῳ
1811 2535 1863 2605 γόῳ

238 2618 306 2692 αότῷ
321 2628 364 2676 καὶ
379 2620 454 2694 μόλις
471 2621 536 2694 μετὰ
553 2625 651 2677 πολλοῦ
666 2623 749 2678 πόνου
767 2627 926 2687 ουνεδζεται
943 2622 959 2695 ἦ
979 2632 1113 2694 αἴσθησις·
1132 2636 1158 2680 ei
1176 2623 1297 2679 similiter
1315 2624 1485 2680 Arisiides
1508 2645 1566 2705 pag.
1585 2627 1632 2682 lii:
1649 2624 1742 2679 τούτων
1759 2624 1785 2675 di
1805 2643 1860 2691 ‹pv-

238 2708 371 2781 σικώτερον
392 2713 438 2780 μίν
460 2715 514 2761 ἐστι
530 2709 560 2761 τό
579 2707 709 2762 διάτονον·
727 2711 792 2762 πᾶσι
808 2706 867 2782 γὰρ,
883 2715 925 2764 καλ
942 2720 997 2770 τοῖς
1015 2706 1175 2769 ἀπαιδεύτοις
1191 2709 1338 2763 παντάπασι
1354 2707 1500 2780 μελῳδητόν
1516 2717 1582 2763 ἐστι·
1600 2710 1769 2782 τεχνιτιότερον
1784 2709 1810 2760 δὲ
1825 2704 1857 2757 τό

237 2793 342 2866 χρῶμα·
359 2791 431 2866 παρὰ
446 2789 496 2865 γαρ
512 2789 605 2864 μόνοις
619 2797 769 2865 μελῳδεῖται
787 2805 841 2856 τοῖς
859 2799 1078 2868 πεπαιδενμίνοις·
1099 2790 1271 2868 ἇκριβιοτερον
1289 2798 1315 2847 δὲ
1332 2793 1362 2849 τό
1379 2792 1541 2867 ἐναρμόνιον·
1558 2794 1629 2867 παραὶ
1644 2794 1694 2868 γὰρ
1708 2803 1761 2854 τοῖς
1776 2798 1860 2863 ἐμρα-

237 2876 365 2939 νεστότοις
382 2885 407 2933 ἐν
422 2880 533 2950 μουσικῇ
556 2877 673 2946 τετύχηκε
697 2882 859 2950 παραδοχῆς·
881 2889 937 2940 τοῖς
960 2883 986 2934 di
1007 2883 1112 2939 πολλοῖς
1134 2887 1200 2935 ἐστιν
1222 2875 1361 2933 ἀδύνατον·
1388 2876 1453 2933 ὅθεν
1476 2874 1624 2947 όπίγνωσάν
1645 2902 1711 2941 τινες
1730 2877 1776 2941 τὴν
1799 2875 1865 2930 κατὰ

238 2967 316 3017 δίεσιν
332 2966 468 3034 μελῳδίαν,
486 2960 528 3015 διὰ
544 2960 590 3031 τὴν
607 2958 690 3016 αὐτῶν
707 2958 844 3017 α’σδὲνειαν
861 2970 904 3018 καὶ
921 2968 1047 3026 παντελῶς
1064 2960 1226 3035 α’μελῴδητον
1243 2971 1308 3018 εἶναι
1324 2962 1355 3016 τό
1373 2964 1502 3035 διάστημα
1518 2960 1701 3034 ιὀτολαβόνιες·
1719 2985 1799 3042 quem
1817 2984 1866 3020 ex·

237 3049 343 3127 scripsit
364 3046 493 3105 Mannei
516 3048 698 3122 Bryennius
720 3069 778 3126 pag.
802 3051 866 3117 387,
890 3048 957 3105 haec
979 3048 1011 3106 de
1035 3054 1184 3108 enarmonio
1207 3071 1241 3106 ex
1259 3053 1413 3106 Aristoxeno
1435 3050 1573 3106 ndiiciens:
1592 3048 1739 3122 φιλότεχνον
1756 3049 1807 3121 γὰρ
1824 3055 1868 3103 καὶ

237 3134 333 3199 πολλῆς
351 3131 473 3202 δεόμενον
491 3139 637 3202 συνηθείας.
671 3133 765 3210 Neque
784 3133 860 3189 aliter
878 3132 1081 3193 Gaudentius
1098 3156 1155 3215 pag.
1174 3140 1190 3191 ii
1208 3136 1273 3191 dicit
1290 3136 1323 3190 de
1342 3135 1471 3191 diatonico
1488 3156 1596 3212 genere:
1618 3138 1699 3190 Τοῦτο
1717 3133 1768 3207 γὰρ
1783 3135 1868 3206 μόνον

237 3217 288 3269 τοῖν
304 3217 379 3288 τριῶν
398 3217 476 3283 γενοῖν
493 3222 584 3270 ἐπίπαν
602 3223 655 3271 ἐστὶ
671 3216 701 3270 τό
720 3222 775 3271 νυνὶ
792 3217 998 3288 μελῳδούμενον·
1017 3222 1066 3272 τῶν
1084 3224 1109 3273 δὲ
1127 3222 1221 3275 λοιπῶν
1239 3224 1312 3274 δυοῖν
1328 3217 1345 3288 η
1362 3222 1451 3291 χρῆσις
1468 3224 1632 3278 ἐκλελοιπέναι
1653 3221 1799 3275 κινδυνεύει.

307 3299 408 3366 Restat,
427 3312 456 3357 ut
473 3299 507 3357 de
525 3301 657 3358 coloribus
676 3304 785 3361 dicatur.
821 3302 896 3377 Quae
915 3303 1031 3361 doctriua
1050 3308 1078 3362 ut
1095 3315 1165 3360 recte
1180 3302 1290 3379 intelligi
1307 3306 1398 3381 possit,
1416 3304 1538 3362 nonnulla
1558 3306 1591 3362 de
1607 3306 1805 3364 intervallorum
1824 3328 1869 3364 ra-

239 3385 361 3455 tionibus,
381 3407 446 3463 quas
464 3390 593 3444 acnsticas
611 3388 690 3443 hodie
708 3407 840 3455 vocamus,
858 3409 999 3466 earumque
1020 3390 1087 3466 apud
1106 3400 1208 3445 vete-res
1226 3410 1272 3446 oso
1290 3391 1479 3468 praemittenda
1496 3402 1565 3449 aunt.
1594 3391 1736 3450 Notissima
1754 3404 1797 3449 eat
1813 3414 1871 3458 rca,

244 3475 410 3529 consonantia
432 3472 567 3530 intervalia
590 3485 709 3544 octavae,
731 3474 848 3550 quintae,
872 3486 992 3550 quartae,
1015 3480 1118 3540 tertiae,
1136 3475 1177 3530 his
1196 3474 1399 3551 longitudinibus
1418 3476 1585 3546 chordarum,
1608 3489 1723 3536 ceterum
1746 3481 1814 3537 inter
1837 3501 1870 3537 ae

240 3557 401 3637 aequalium,
418 3558 500 3616 ellici:
824 3628 871 3674 4

582 3656 1513 3945 ff*-

746 3958 761 4009 1
834 3957 846 4026 r
1084 3959 1096 4026 ι
1173 3957 1184 4024 ι
1276 3958 1287 4024 ι
1372 3960 1383 4025 ι

1245 4107 1293 4153 ⁴·

241 4011 337 4116 quibua
353 4040 506 4109 rationibus,
523 4041 550 4097 in
568 4041 644 4098 anius
663 4050 770 4097 octavae
788 4042 913 4098 ambitum
932 4041 1046 4096 redactis

696 4158 1396 4387 &iffi

1050 4394 1061 4425 δ
1156 4393 1167 4423 2
1262 4393 1270 4423 l

242 4474 321 4530 totius
340 4470 486 4529 diatonicas
504 4472 590 4529 scalae
608 4474 721 4530 rationes
739 4393 916 4552 roperinniur3
941 4391 968 4530 iil
987 4430 1061 4552 qnod
1076 4432 1176 4552 duplidi
1193 4431 1272 4530 nrndd
1292 4474 1350 4529 lieri
1371 4483 1463 4551 potest.
1497 4473 1599 4530 Etenim
1624 4477 1647 4531 si
1672 4478 1765 4534 tertiae
1786 4479 1867 4536 inter·

242 4556 391 4617 vellicatio
409 4560 437 4625 (l
456 4578 465 4614 r
482 4558 505 4628 ii
523 4558 557 4613 ad
575 4559 768 4617 constituendae
786 4561 899 4614 rationes
916 4579 1039 4616 sonorum
1057 4581 1071 4617 e
1088 4572 1115 4616 et
1131 4581 1149 4615 ο
1167 4573 1193 4617 et
1212 4566 1228 4618 ia
1244 4559 1314 4615 hunc
1332 4562 1357 4614 in
1377 4557 1480 4615 modum
1499 4558 1639 4616 adhibetor

1034 4628 1523 4762 --ιρι

943 4897 1625 4912 w-*Q

531 4932 545 4999 i
703 4930 858 4997 ixi=i
1007 4931 1019 4997 i
1172 4930 1342 4998 ixiflh
1417 4931 1572 4999 i><i=i
