4236 5580
154 567 344 644 liberaliter
367 593 508 642 mecum
534 566 813 645 communicavit
868 568 937 643 Hic
962 568 1072 658 enim,
1098 596 1210 670 quum
1237 597 1301 673 per
1326 568 1610 672 quinquennium
1634 573 1672 651 in
1696 574 1806 653 ltalia·
1845 566 1859 585 ³
1939 604 1945 613 ·

155 734 363 806 versaretur,
396 722 617 794 Graecorum
643 715 689 792 de
713 744 753 793 re
778 719 924 794 musica.
937 719 1147 820 scriptorum
1174 717 1322 808 codices,
1348 720 1411 822 qui
1438 719 1581 822 plurimi
1605 722 1652 797 in.
1665 723 1792 801 biblio-

155 865 265 942 thecis
297 867 346 943 ibi
377 885 614 957 asservantur,
645 865 768 943 sedulo
785 868 912 970 partim
938 867 1133 972 descripsit,
1165 870 1293 973 partim
1319 897 1401 945 cum
1426 870 1667 947 Meibomiano
1692 888 1789 951 textu

155 1016 320 1108 contulit,
352 1045 480 1094 novam
508 1019 636 1093 horum
662 1017 871 1120 scriptorum
906 1017 1095 1096 editionem
1129 1037 1330 1124 paraturus,
1362 1048 1469 1121 quae,
1501 1020 1563 1097 ubi
1597 1021 1641 1097 ad
1674 1021 1791 1099 lucem

152 1164 332 1269 prodierit,
359 1169 524 1272 antiquae
549 1168 698 1243 musices
724 1166 879 1244 studium
906 1167 1001 1244 haud
1029 1167 1136 1246 dubie
1161 1197 1377 1272 magnopere
1403 1168 1588 1247 adiuvabit.

300 1322 357 1393 De
383 1334 510 1404 aetate,
546 1347 617 1422 qua
650 1318 769 1421 scripti
787 1318 855 1393 sint
879 1318 916 1392 hi
941 1317 1064 1410 libelli,
1090 1322 1144 1396 vix
1172 1319 1367 1424 quidquam
1394 1321 1478 1395 certi
1506 1321 1634 1424 poterit
1659 1324 1786 1399 consti·

150 1470 211 1542 tui.
262 1466 394 1542 Primis
428 1467 521 1542 enim
554 1485 676 1544 auctor
697 1469 839 1573 ignotus
870 1499 911 1545 er
951 1470 1207 1546 Aristoxeni
1246 1469 1457 1545 harmonicis
1494 1468 1673 1545 elementis
1708 1500 1787 1574 per·

150 1614 260 1692 multa
286 1617 475 1719 congessit,
507 1635 641 1696 servata
668 1619 839 1721 scriptura
864 1620 1017 1723 genuina
1043 1619 1128 1695 locis
1154 1648 1226 1694 non
1253 1620 1388 1723 paucis,
1424 1621 1486 1724 qui
1511 1621 1548 1695 in
1573 1619 1665 1697 illius
1690 1620 1786 1698 codi-

105 1874 108 1881 .
148 1767 256 1858 cibus,
268 1765 388 1871 quales
399 1764 507 1842 hodie
521 1784 663 1858 exstant,
680 1767 856 1872 depravati
871 1788 962 1848 sunt.
998 1774 1183 1847 Praeterea
1196 1770 1302 1846 sectio
1317 1772 1365 1844 13
1383 1800 1423 1845 ex
1441 1770 1580 1846 Aristi
1590 1769 1641 1846 de
1657 1771 1787 1870 Quiu-

147 1918 318 2008 tiliano,
349 1919 519 1994 sectiones
551 1922 601 1993 66
632 1936 667 1994 et
702 1924 750 1997 67
785 1949 826 1995 er
857 1919 1033 2023 Alypio,
1067 1920 1228 1996 sectionis
1262 1925 1311 1996 95
1344 1948 1424 2022 pars
1451 1949 1492 1995 ex
1526 1921 1785 1996 Aristoxeni

149 2067 370 2172 rhythmicis,
409 2069 582 2144 sectiones
615 2071 665 2144 60
685 2072 801 2144 -62
832 2099 872 2144 ex
906 2072 1358 2147 Aristoxenianorum
1393 2069 1681 2145 harmonicorum
1714 2071 1783 2145 iam
1846 2120 1858 2135 ι

149 2217 331 2320 deperdita
357 2234 455 2320 parte
482 2216 689 2321 desumptae
715 2248 789 2294 esse
815 2219 994 2309 videntur,
1019 2218 1115 2294 unde
1141 2218 1298 2322 colligas,
1332 2217 1501 2294 nonnulla
1529 2217 1594 2294 alia
1626 2248 1783 2323 quoque,

143 2368 253 2442 immo
278 2382 388 2442 totam
414 2365 560 2442 fortasse
587 2368 822 2470 scriptionem,
848 2399 888 2445 ex
915 2369 988 2445 aliis
1014 2369 1256 2473 scriptoribus,
1290 2370 1474 2445 maximam
1507 2386 1641 2470 partem
1674 2366 1781 2443 hodie

143 2544 216 2592 non
244 2516 404 2606 servatis,
435 2517 619 2592 conflatam
646 2547 730 2595 esse.
784 2517 891 2618 Quod
919 2548 992 2623 quo
1019 2535 1178 2622 tempore
1205 2521 1336 2597 sactum
1363 2521 1422 2604 sit,
1458 2517 1608 2595 difficilis
1635 2517 1779 2592 omniuo

143 2685 195 2745 est
220 2668 390 2770 quaestio.
424 2672 494 2741 *Ex
519 2668 561 2743 iis
586 2698 685 2758 vero,
720 2698 812 2773 quae
837 2670 1049 2746 sectionibus
1073 2672 1122 2743 84
1150 2688 1185 2745 et
1210 2676 1261 2748 85
1286 2675 1387 2775 (pag.
1412 2674 1463 2745 89
1489 2669 1611 2773 seqq.)
1638 2698 1657 2744 e
1683 2673 1780 2742 Pto-

140 2816 301 2894 lemaei
334 2814 546 2891 harmonicis
571 2816 756 2920 desumpta
781 2817 962 2920 leguntur,
995 2847 1106 2923 quum
1133 2847 1205 2892 non
1238 2820 1283 2894 ab
1314 2820 1392 2922 ipso
1423 2817 1684 2892 Ptolemaeo
1716 2813 1779 2890 sed

145 2995 164 3042 a
190 2966 450 3067 Nicephoro
477 2972 683 3069 Gregora,
709 2968 772 3069 qui
798 2969 881 3045 vixit
904 2966 1043 3043 saeculo
1070 2964 1207 3043 decimo
1234 2985 1372 3071 quarto,
1396 2968 1522 3068 scripta
1546 2994 1587 3041 ea
1604 2992 1679 3039 esse
1697 2963 1778 3039 satis

140 3118 241 3197 omis
267 3117 470 3192 testimoniis
496 3117 681 3220 probetur,
713 3137 793 3222 post
818 3117 904 3193 illud
938 3116 1082 3192 demum
1109 3135 1248 3221 tempus
1273 3135 1382 3192 totam
1408 3118 1633 3221 scriptionem
1659 3131 1776 3190 natam

141 3296 215 3345 csse
241 3285 334 3343 recte
361 3266 558 3370 colligeres,
581 3269 646 3344 nisi
672 3270 708 3344 in
736 3299 809 3345 uno
835 3287 972 3346 tanturn
999 3269 1235 3369 Neapolitano
1261 3267 1381 3344 codice
1407 3268 1495 3344 haec
1527 3266 1776 3371 reperirentur,

139 3446 251 3522 quum
277 3418 400 3506 ceteri,
426 3447 517 3520 quos
543 3419 719 3506 consului,
747 3421 906 3523 quinque
931 3420 1011 3496 libri
1038 3419 1102 3494 alia
1128 3449 1272 3524 prorsus
1298 3419 1493 3495 exhibeant
1544 3418 1664 3494 Altera
1690 3445 1775 3493 vero

137 3567 306 3670 scriptio,
327 3568 356 3640 si
387 3567 570 3643 Bacchii
605 3570 791 3645 senioris
825 3598 955 3645 nomen
990 3571 1065 3647 iure
1098 3571 1130 3646 ei
1157 3571 1269 3646 estin
1297 3570 1413 3645 sronte
1439 3568 1703 3672 praescriptum,
1729 3564 1775 3643 ad

136 3717 353 3793 Constantini
376 3717 493 3820 magni
519 3735 678 3821 tempora
702 3717 842 3795 videtur
867 3721 1053 3822 pertinere,
1078 3721 1106 3794 si
1133 3719 1373 3823 epigrammati
1398 3718 1447 3793 illi
1473 3717 1562 3794 fides
1587 3715 1774 3794 tribuenda

138 3885 200 3958 est,
225 3866 323 3971 quod
348 3868 475 3971 legitur
500 3869 535 3943 in
563 3869 792 3945 Meibomii
820 3870 1036 3972 praelatione
1064 3869 1107 3946 ad
1133 3869 1388 3947 Bacchium.
1437 3872 1565 3970 Neque
1592 3869 1684 3943 enirn
1711 3866 1774 3942 ob·

126 4020 220 4106 Cat,
254 4018 352 4121 quod
378 4047 505 4121 magna
530 4020 637 4095 huius
663 4021 859 4123 scriptionis
886 4048 965 4123 pars
992 4050 1072 4096 curn
1099 4020 1319 4097 Manuelis
1343 4017 1559 4121 Bryennii
1585 4016 1663 4094 loco
1690 4044 1773 4093 con·

132 4167 235 4270 gruit.
288 4176 400 4244 lmmo
427 4170 604 4246 nonnullis
629 4170 724 4256 locis,
751 4171 923 4274 imprimis
949 4172 1161 4247 sectionibus
1187 4176 1212 4246 6
1236 4188 1271 4246 et
1298 4174 1355 4258 lt,
1386 4169 1449 4245 ubi
1474 4168 1562 4244 haec
1587 4167 1770 4243 Bacchii
1820 4250 1823 4254 Α

133 4319 275 4420 scriptio
302 4349 321 4395 a
354 4320 561 4397 Manuele
587 4320 776 4423 discrepat,
811 4319 991 4425 probabile
1017 4323 1067 4410 fit,
1092 4350 1165 4396 non
1192 4349 1232 4395 ex
1260 4320 1328 4396 hoc
1352 4322 1523 4424 scriptore
1548 4317 1771 4421 desumptam

134 4495 211 4543 earn
238 4498 322 4560 esse,
347 4470 409 4546 sed
435 4471 545 4562 illum,
570 4472 670 4547 cuius
695 4488 809 4549 totum
836 4472 909 4548 sere
937 4500 1028 4575 opus
1055 4502 1096 4548 er
1122 4471 1194 4547 aliis
1222 4471 1318 4546 libris
1335 4488 1521 4546 consutum
1549 4486 1610 4556 est,
1637 4498 1678 4544 ex
1703 4466 1771 4540 hac

130 4619 206 4721 ipsa
245 4620 432 4722 scriptione
472 4621 528 4697 illa
567 4623 739 4713 hausisse,
777 4624 842 4700 uisi
882 4625 1061 4698 communi
1100 4641 1292 4726 utrumque
1330 4623 1428 4698 sonte
1459 4649 1563 4698 usum
1598 4646 1673 4695 esse
1704 4630 1771 4690 sta·

129 4770 246 4847 tueris.

248 4924 445 5031 ‘Ceterum
471 4923 526 4999 bis
549 4921 690 5008 libellis,
722 4950 836 5025 quum
862 4941 898 5000 et
922 4922 1190 5002 difficultatibus
1214 4950 1287 5001 nou
1314 4924 1434 5028 paucis
1459 4921 1619 4998 laborare
1644 4944 1770 4995 corum
