4236 5580
1032 315 1061 402 4

222 521 304 611 inter
326 519 362 583 A
382 525 416 585 et
430 518 469 587 Η
484 538 599 586 nonum
620 516 768 599 edidisse,
789 536 891 605 neque
911 517 945 582 in
966 515 1144 584 alterutram
1164 524 1287 605 partem
1307 515 1436 586 multum
1457 517 1498 587 ab
1520 517 1583 585 boc
1605 517 1712 586 medio
1734 536 1816 586 sono
1830 504 1881 586 B‘

223 604 419 709 ἆίισιιριιιι
440 629 580 688 sutram.
616 620 741 701 Quodsi
756 619 901 686 omnibus
921 629 1060 687 veterum
1081 619 1169 686 souis
1191 641 1244 686 eas
1265 621 1426 690 tensiones
1448 621 1579 689 tributas
1600 623 1751 710 reperies,
1772 642 1868 710 qnae,

223 725 253 793 sl
271 722 367 806 Lydii
388 721 723 810 proslambanomenos
745 732 829 789 esset
850 723 900 805 A,
922 722 1052 810 singulis
1073 723 1291 805 convenirent,
1313 723 1372 791 bas
1395 745 1505 845 omnes
1525 733 1674 813 tanquam
1694 724 1868 792 semitonio

222 819 466 895 iurvacutiores
487 827 689 914 accipiendos
711 846 796 907 esse,
818 824 911 891 velim
932 825 1050 913 ubique
1071 825 1258 892 memineris.

307 927 423 994 Omnia
435 937 574 996 veterum
588 938 759 1013 systemata
772 928 898 1010 musica,
916 928 983 996 sire
997 926 1109 1007 scalae,
1129 947 1224 1015 quum
1238 927 1378 1015 singulae
1391 928 1587 996 intervallum
1602 929 1653 1009 δὶς
1668 894 1725 996 διὰ
1742 928 1868 1010 πασῶν,

223 1029 291 1098 sire
311 1027 442 1096 duarum
463 1039 641 1100 οιιιιιιιιιιι
663 1031 872 1114 continerent,
900 1041 932 1098 et
952 1052 1010 1120 per
1031 1029 1209 1120 quindecim
1230 1029 1358 1111 modos,
1381 1032 1549 1098 semitonio
1571 1032 1758 1098 seinvicem
1780 1032 1869 1098 exci-

223 1133 346 1221 pientes
367 1143 567 1217 canetenim,
593 1134 727 1202 ambitus
753 1133 829 1201 inde
853 1135 945 1202 trium
968 1143 1146 1201 octavarum
1171 1143 1203 1200 et
1228 1135 1320 1200 unius
1347 1135 1418 1200 toni
1440 1134 1645 1216 efficiebatur5
1672 1134 1727 1222 qui
1748 1142 1782 1200 ut
1801 1155 1871 1201 nnn

225 1256 295 1302 cnm
315 1256 467 1303 sonorum
488 1246 520 1305 et
535 1236 703 1304 modorum
722 1236 910 1320 nominibus,
933 1247 1077 1304 notarum
1090 1236 1209 1324 figaris,
1228 1235 1502 1305 tetrachordorum
1516 1247 1621 1305 mutua
1634 1237 1758 1304 ratione
1772 1257 1871 1325 quam

224 1336 372 1406 facillime
393 1339 428 1404 in
449 1337 562 1405 oculos
583 1339 687 1420 cadat,
714 1342 847 1428 priorum
868 1340 1002 1424 Lydiam
1023 1338 1213 1407 scalam-hic
1234 1361 1405 1429 apponam,
1431 1343 1476 1408 ita
1496 1341 1658 1427 scriptam,
1686 1349 1720 1406 ut
1741 1338 1870 1426 singula

224 1439 426 1508 nuaehorda
452 1443 553 1508 curvis
582 1441 673 1508 lineis
698 1441 912 1526 includantur,
942 1453 975 1510 et
1000 1442 1271 1511 tetrachordorum
1298 1445 1430 1509 extremi
1454 1443 1520 1511 sive
1547 1451 1665 1509 stantes
1692 1442 1869 1525 (ἑστῶτες)

226 1542 300 1610 ιοιιί
319 1564 389 1610 cnm
409 1543 727 1633 proslambanomano
749 1547 920 1615 maioribus
941 1546 1040 1631 notis,
1062 1543 1174 1628 medii,
1197 1545 1264 1614 sire
1284 1546 1419 1614 mobiles
1441 1543 1667 1632 (κινούμενοι)
1690 1543 1868 1612 minoribus

229 1645 403 1733 signentur:
512 1726 517 1731 ,

484 1809 506 1953 ἔ
558 1859 722 1949 Hypaton.
787 1861 915 1930 Meron.
993 1860 1236 1945 Synemmenon.
1300 1860 1565 1947 Dionengmenon
1590 1854 1854 1944 Hyperbolaeon.

485 2723 1195 2806 Nuncruttorrs
1291 2654 1755 2806 ΖΕΠΘΛΜΗΙ·

475 2837 1188 2934 n-t'tfconwtll
1297 2832 1759 2919 :uznkn'c

225 3045 351 3116 Deinde
372 3041 487 3111 edicio
510 3038 686 3128 quindecim
707 3037 873 3105 modorum
895 3039 1024 3105 nomina
1048 3030 1082 3104 e't
1107 3035 1307 3123 grauissimos
1329 3034 1587 3121 acutissimosque
1607 3030 1754 3118 mnusque
1774 3027 1870 3095 fines

227 3146 431 3235 Singulorum
459 3140 542 3213 enim
571 3142 679 3208 octoni
705 3139 778 3205 deni
804 3143 876 3206 soni
903 3140 1043 3223 easdem,
1072 3160 1148 3226 quas
1175 3135 1310 3221 Lydius,
1338 3137 1419 3202 inter
1445 3158 1480 3202 se
1507 3134 1625 3202 habent
1650 3130 1807 3220 gravitatis
1833 3140 1871 3198 et

227 3249 378 3319 acuminis
400 3245 554 3326 rationes,
576 3241 685 3309 eadem
707 3243 850 3326 nomina,
878 3241 1010 3309 eandem
1033 3240 1167 3330 denique
1187 3240 1221 3306 in
1241 3239 1583 3330 proslambanomenon
1604 3247 1637 3304 et
1657 3235 1751 3325 quina
1771 3241 1869 3301 tetra-

535 4573 549 4582 ·
589 4529 1861 4629 ---=-=·‚==r=*„====

43 4870 52 4885 -
73 4784 95 4879 s
153 4880 162 4895 .
230 4824 456 4893 Grauissbnnm
476 4822 574 4890 totius
592 4820 726 4891 ambitus
741 4842 864 4904 sonum,
886 4822 953 4890 sive
967 4820 1152 4910 Hypodorii
1173 4820 1262 4888 modi
1282 4819 1632 4912 proslambanomenon,
1655 4818 1812 4888 hodierno
1831 4826 1869 4888 A

126 4958 137 5007 2
231 4927 439 4995 consonuisse
457 4925 594 5016 uulgaris
615 4933 665 4995 est
686 4924 805 5013 opinio.
848 4924 902 5008 m,
925 4945 1021 5014 quum
1041 4922 1266 5025 Hypodorirn
1287 4922 1628 5025 proslambanomenon
1648 4932 1770 4993 veteres
1796 4943 1868 5010 gra·

917 5298 1088 5347 μ..
