4236 5580
910 325 968 411 49

181 542 233 607 36.
306 533 434 616 Ἐπειδὴ
490 540 600 601 τοίνυν
653 534 852 618 ἀναγκαῖον,
920 544 955 602 to
1037 571 1096 628 pag.
1120 552 1165 618 lo,
1189 550 1233 607 lin.
1252 552 1296 607 ll:
1333 553 1451 622 Φανεροῦ
1480 556 1507 606 δὲ
1542 551 1628 623 ὄντος,
1663 551 1703 610 ὅτι
1723 560 1761 612 δεῖ

117 642 166 723 τῷ
194 640 353 725 μελῳδεῖν
385 637 445 716 τὴν
485 632 612 721 (γονὴν,
657 634 717 712 τὰς
749 639 809 720 μὲν
846 636 954 702 enerci-
1003 647 1050 718 τὴν
1094 649 1181 721 φωνὴν
1216 658 1242 705 ει
1275 653 1310 720 τῷ
1342 655 1464 722 μελῳδεῖν
1503 652 1549 712 τὰς
1586 661 1634 724 μεν
1670 656 1761 711 επιπλ-

117 760 186 815 οδις
221 744 276 806 καὶ
320 736 441 815 ἀνέσεις
479 737 617 827 ἀφανῶς
661 741 849 817 πολεῖσθαι,
894 735 954 816 τὰς
1004 770 1055 810 σεις
1092 772 1119 804 τε
1159 754 1203 804 καὶ
1241 745 1336 811 ἆνέσεις
1377 744 1484 821 ἇφανεῖς
1523 761 1672 822 ποιεῖσθαι,
1716 756 1761 819 τὰς

87 841 153 935 ,δὲ
205 839 315 916 τάσεις
362 837 465 918 αὐτὰς
509 842 764 926 φθεγγομένους
807 837 954 926 φανερὰς
1004 854 1031 905 δὲ
1047 850 1132 912 τάσεις
1151 846 1231 920 αὐτὴν
1248 845 1438 921 (eorumbene)
1455 859 1635 925 φθεγγομένην
1652 857 1762 930 φανερὰς

72 934 94 955 ⁵'
116 944 286 1009 καθιστᾶν
312 941 498 1027 (ἐπειδήπερ
532 940 592 1007 τὸν
628 946 689 1027 μὲν
723 943 785 1008 τοῦ
820 939 952 1023 διαστή-
1003 951 1158 1005 καθιστάναι
1209 949 1310 1022 (tasoni
1361 948 1407 1004 ιόι
1458 960 1505 1023 μεν
1555 956 1603 1008 τοῦ
1654 958 1760 1027 tram.

116 1068 222 1126 ματος
267 1043 385 1118 τόιιον,
457 1047 488 1103 ὃν
535 1043 741 1130 διεξέρχεται,
792 1042 848 1109 ὁτὲ
894 1047 954 1128 μὲν
1003 1074 1085 1123 ματος
1146 1049 1240 1121 τόπον,
1305 1046 1336 1104 ὃν
1392 1054 1552 1124 tattonem,
1614 1053 1655 1110 ὁιι
1715 1065 1762 1128 μιν

118 1152 352 1229 ἐσιτεινομένη,
400 1143 454 1211 ὁτὲ
491 1145 525 1210 δὲ
557 1143 721 1230 ἀνιεμένη,
769 1143 954 1213 λανθάνειν
1005 1147 1137 1224 ἀνιεμένη,
1195 1146 1236 1204 ὁτὲ
1294 1154 1320 1205 δὲ
1379 1158 1564 1224 turrenorum,
1622 1158 1762 1214 λιινοιλνειι

117 1244 217 1329 αὐτὴν
240 1247 306 1333 [δὲ]
329 1255 367 1306 δεῖ
388 1248 585 1329 διεξιοῦσαν,
612 1244 691 1326 τούς
718 1247 954 1335 [διορίζοντας]
1004 1246 1084 1321 αὐτὴν
1143 1254 1181 1304 δεῖ
1233 1253 1388 1321 διεξιοῦσιν,
1439 1251 1498 1315 τοῖς
1554 1249 1578 1309 δ’
1632 1255 1762 1330 ὁρίζοντες

116 1350 140 1408 ε’
161 1352 292 1428 optamus
325 1347 507 1436 φθόγγους
536 1344 579 1414 τὰ
611 1346 822 1433 διαστήματα
859 1357 949 1437 trop·
1000 1351 1135 1423 φθόγγους
1184 1349 1217 1406 τὰ
1268 1353 1432 1440 διαστήματα
1479 1362 1589 1427 ἐναργεῖς
1640 1379 1666 1411 τι
1718 1366 1761 1414 κτλ

115 1462 182 1531 7⁸19
216 1473 250 1514 τε
294 1455 352 1516 καὶ
395 1448 569 1531 ἑστηκότας
611 1449 841 1531 ἀποδιδόμαι)·
886 1455 950 1518 λεκ.
1001 1448 1596 1524 ἕστηκόταςιὶιτοδιδὸναι)ὅστ’δτεδτοῡῖδστι
1609 1461 1696 1527 δῆλον,
1709 1465 1760 1515 λετ·

79 1575 84 1581 ’
148 1568 190 1624 36,
210 1565 334 1638 φανεροὺς
351 1573 385 1624 Ν.
403 1571 515 1640 φανερᾶς
531 1572 564 1627 P,
582 1597 614 1611 -
633 1560 763 1622 λανθιὶνιιΙ
774 1570 808 1626 Β.
826 1600 859 1612 -
1034 1573 1077 1628 36.
1119 1568 1205 1640 ἐπειδὴ
1239 1578 1286 1643 μεν
1324 1574 1372 1626 τοῦ
1410 1573 1583 1647 διαστήματος
1622 1581 1694 1636 Seni.
1726 1611 1759 1622 -

116 1725 168 1782 lroc
189 1736 231 1781 est
250 1725 315 1782 illud
334 1730 431 1784 maiore
450 1749 508 1786 cum
529 1733 693 1788 contentione
710 1731 785 1787 vocis
803 1730 927 1807 loquendi
945 1750 1041 1805 genus,
1059 1734 1116 1798 cui,
1133 1732 1209 1788 nobis
1228 1730 1261 1787 ad
1279 1730 1483 1790 exclamationes
1501 1746 1528 1791 et
1547 1738 1761 1814 interrogationes

115 1811 218 1875 usitato,
235 1811 301 1866 aliae
320 1813 456 1870 meridiem
475 1835 569 1871 versus
587 1815 736 1871 habitantes
754 1817 872 1871 nationes
891 1818 925 1871 ita
944 1826 1125 1884 assueverunt,
1147 1826 1192 1880 ut,
1215 1836 1387 1893 quaecunque
1408 1828 1513 1895 praeter
1535 1821 1680 1897 quotidiani
1703 1844 1759 1882 ser·

116 1897 200 1951 monis
220 1899 435 1954 cousuetudinem
454 1901 572 1955 vivacius
590 1910 616 1955 et
633 1901 772 1956 excitatius
789 1919 834 1954 eos
852 1899 968 1977 prolerre
988 1900 1133 1967 audiveris,
1154 1900 1225 1956 haud
1248 1900 1388 1957 dissimilia
1412 1904 1499 1959 cantui
1521 1923 1583 1961 esse
1603 1905 1683 1964 dicas
1718 1908 1759 1965 lta

116 1977 211 2036 lactum
230 1993 284 2049 cst,
302 1992 331 2040 ut
347 1984 566 2039 Aristoxenus
585 2003 642 2061 pag.
661 1985 707 2049 18,
728 2003 806 2060 quern
824 1984 924 2053 locum,
953 1987 1016 2042 item
1034 1985 1067 2042 ab
1092 1985 1142 2041 lroc
1163 1987 1292 2062 scriptore
1315 1988 1488 2064 exscriptum,
1511 1986 1576 2044 inira
1598 1993 1714 2068 reperies
1731 1993 1759 2049 in

116 2067 230 2140 margine
248 2069 372 2124 sectionis
390 2071 437 2130 ts.
459 2068 539 2133 huuc,
562 2088 612 2143 qua
631 2067 877 2146 interloquendum
898 2072 1008 2138 utimur,
1030 2071 1103 2126 vocis
1121 2069 1325 2127 modulationem
1343 2066 1451 2138 loroidec
1474 2074 1550 2140 μθοτ
1570 2087 1689 2142 vocaret,
1712 2095 1759 2155 op-

114 2152 228 2228 positum
247 2153 362 2219 μονσιτῲ
378 2155 455 2221 με’λει,
474 2163 501 2207 et
519 2164 637 2209 constare
656 2152 683 2208 id
706 2153 808 2209 diceret
825 2175 840 2209 e
857 2155 997 2211 verborum
1024 2155 1185 2211 accentibus.
1221 2155 1309 2231 Atque
1336 2155 1467 2210 consentit
1488 2157 1512 2210 ei
1531 2158 1557 2212 iu
1576 2156 1618 2213 luis
1636 2159 1759 2217 omnibns

116 2235 300 2306 Dionysius
324 2235 641 2304 Halicarnassum,
671 2240 715 2314 qni
739 2240 803 2294 dicit
826 2260 881 2316 pag.
902 2242 962 2295 136:
988 2237 1018 2292 τὸ
1040 2248 1087 2310 μεν
1109 2242 1154 2308 τῆς
1176 2242 1262 2310 φωνῆς
1286 2243 1375 2309 μέλος,
1405 2240 1467 2305 λε’γω
1495 2241 1521 2292 δὲ
1545 2235 1575 2292 ου’
1593 2244 1639 2310 τῆς
1660 2238 1757 2311 ᾠδικῆς,

116 2315 182 2370 ἀλλὰ
204 2320 248 2385 της
272 2321 362 2387 ψιλῆς,
391 2316 437 2372 nb
458 2319 538 2388 ηδέιος
562 2323 670 2394 διατιθῇ
688 2318 735 2390 την
756 2316 848 2390 sisois,
873 2318 971 2393 ειῗμελλς
997 2318 1086 2393 λέγοιτ’
1111 2318 1156 2390 ἄν,
1186 2319 1240 2376 ἀλλ’
1262 2318 1308 2377 osias
1329 2326 1446 2394 inpelle,
1473 2333 1500 2379 ci
1517 2344 1573 2402 pug-
1599 2329 1661 2396 126,
1682 2346 1757 2405 seqq.

116 2401 256 2458 melodiam
276 2403 407 2479 pedestris
423 2407 547 2462 orationis
565 2408 599 2461 ita
619 2407 770 2463 accentibus
792 2406 864 2463 effici
886 2407 1031 2476 contendit,
1056 2418 1086 2465 ut
1109 2419 1184 2465 acuto
1202 2419 1317 2486 accentu
1339 2407 1476 2484 proselitus
1496 2409 1614 2484 syllabae
1635 2411 1757 2489 diapente

115 2486 255 2543 intervallo
274 2491 370 2544 ceteris
394 2492 523 2546 acutiores
545 2491 723 2567 proferantur:
748 2493 886 2559 Διαλέκτου
907 2499 953 2562 μεν
976 2484 1022 2543 οιῖν
1043 2495 1118 2562 μελσς
1140 2497 1175 2545 ἑνὶ
1198 2502 1326 2564 μιιηεῖται
1348 2491 1503 2563 διαστήματι
1519 2496 1554 2561 τι]
1570 2496 1695 2566 λεγομένῳ
1713 2494 1757 2549 διδ

116 2578 200 2636 πέντε,
229 2568 262 2631 ὥς
284 2577 397 2638 ἔγγιστα·
425 2578 467 2626 καὶ
497 2570 554 2627 οὔτε
581 2580 729 2628 ἐπιτείνεται
750 2583 814 2647 πέρα
835 2579 883 2628 τῶν
903 2578 977 2648 τριῶν
998 2574 1079 2628 τόνων
1100 2581 1141 2628 καλ
1162 2573 1299 2647 ἡμιτονίου
1322 2580 1365 2630 tut
1381 2575 1412 2629 τὸ
1435 2572 1494 2644 ὀξὺ,
1517 2573 1575 2632 orire
1593 2573 1692 2632 δνλετιτι
1708 2582 1756 2633 τοῦ

115 2663 211 2728 χορίον
237 2656 331 2710 τούτου
359 2661 448 2710 πλεῖον
470 2662 512 2712 λιτὶ
534 2657 564 2711 ιδ
585 2657 665 2731 βαρύ,
689 2670 716 2716 et
739 2671 788 2715 cet.
827 2659 945 2718 Tertium
969 2663 1046 2735 igitur
1069 2660 1118 2716 hoc
1140 2659 1245 2729 λογιλδει
1265 2663 1335 2730 μέλει
1360 2659 1477 2715 efficitur
1502 2664 1577 2718 vocis
1606 2663 1754 2719 movendae

114 2761 210 2816 genus,
235 2740 419 2798 intermedium
442 2743 510 2799 iuter
531 2755 635 2800 cantum
660 2753 686 2799 et
702 2745 821 2801 sedatam
841 2754 919 2820 atque
942 2746 1085 2800 inornatam
1108 2747 1264 2811 orationem,
1286 2742 1356 2799 uude
1378 2741 1520 2798 recitandis
1541 2748 1672 2823 poematis
1698 2746 1754 2803 ido·

114 2846 192 2883 neum
211 2846 272 2882 esse
291 2827 324 2883 ab
342 2825 494 2882 Aristide
516 2827 623 2895 dicitur,
647 2847 704 2906 pag.
723 2831 753 2883 7:
778 2830 823 2896 τῆς
842 2823 962 2896 κινήσιος
982 2827 1052 2893 (scil.
1071 2829 1156 2897 φωνῆς
1173 2828 1250 2889 ἐστιν)
1275 2821 1290 2893 ἡ
1308 2830 1355 2894 μιν
1372 2823 1491 2892 συνεχὴς,
1512 2823 1529 2895 ἦ
1552 2832 1579 2881 δὲ
1603 2832 1750 2902 διαστημα.

117 2909 183 2978 esan,
203 2907 219 2978 'i
239 2913 272 2962 tt
288 2917 386 2979 με’ση,
405 2939 437 2949 -
459 2917 524 2980 μίση
543 2913 583 2975 dl,
606 2908 665 2978 ηεξ
682 2906 782 2982 (inperio
800 2917 959 2980 συγκειμένη·
984 2908 1064 2979 ἡμὶν
1082 2904 1128 2962 nt'o
1150 2907 1257 2976 συνεχής
1277 2913 1358 2972 losse,
1380 2903 1396 2980 ᾖ
1414 2907 1607 2981 διαλεγόμεθα·
1630 2920 1696 2984 μέση
1715 2918 1752 2982 δὲ,

114 2992 131 3069 ᾖ
147 2994 202 3054 τὰς
219 2996 277 3045 τῶν
299 2991 488 3064 ποιημάτων
513 2989 706 3062 ἀναγνώσεις
728 2995 928 3066 ποιούμεθα,
949 3005 975 3049 et
993 3005 1044 3050 cet.
1079 2992 1129 3049 Cui
1148 2994 1279 3049 consentit
1295 2990 1435 3048 Albinus
1452 2990 1574 3060 (laatinus
1592 2995 1627 3053 tie
1644 2999 1746 3055 musica

113 3089 215 3150 auctor,
244 3087 312 3134 teste
335 3076 536 3134 cassiodoro
560 3077 594 3134 de
621 3081 721 3135 musica
743 3099 800 3157 pag.
822 3083 886 3148 ⁵57,
908 3078 1011 3148 Garct.)
1034 3078 1157 3135 laudatus
1180 3099 1193 3133 a
1218 3076 1371 3141 Boethio,
1399 3079 1458 3153 qui,
1483 3089 1623 3157 postquam
1644 3082 1704 3138 libr.
1728 3082 1752 3148 l,

114 3186 171 3242 cap.
190 3168 223 3218 λλ
243 3162 277 3219 de
296 3165 415 3220 continua
435 3172 461 3218 ct
479 3162 659 3220 diastematica
677 3184 756 3233 voce,
779 3183 921 3240 earumque
939 3182 988 3221 usu
1006 3162 1144 3232 disseruit,
1167 3165 1202 3218 ita
1221 3163 1317 3240 pergit:
1343 3162 1391 3216 His
1414 3164 1460 3226 (ut
1479 3166 1589 3222 Albinus
1606 3169 1747 3236 naturast)

114 3254 225 3308 additor
247 3252 331 3305 tertio
353 3252 521 3320 differentis,
545 3269 614 3320 pone
638 3253 737 3305 medius
759 3270 835 3307 voees
855 3252 943 3320 possit
966 3252 1115 3316 ioelssders,
1144 3267 1227 3318 panas
1254 3250 1356 3304 scilieet
1382 3244 1465 3314 (haec
1492 3249 1561 3304 euim
1589 3248 1641 3307 duo
1665 3251 1749 3308 rerba

114 3355 163 3415 pro
180 3334 283 3409 vulgata
300 3335 429 3410 scriptura
447 3338 503 3389 aed
519 3333 628 3389 exbibet
645 3336 764 3407 egregius
782 3344 809 3389 et
824 3343 989 3412 pervetustus
1007 3332 1104 3389 Codex
1128 3330 1469 3408 Gnclpherbytanus)
1492 3335 1603 3390 λενοιιτι
1623 3347 1752 3406 poenulo

113 3425 246 3494 tegimus,
274 3438 360 3488 neque
386 3421 512 3473 continuo
542 3439 636 3484 curan,
664 3430 695 3474 ut
720 3440 843 3490 prosunt,
872 3439 959 3489 neque
983 3420 1112 3488 depenso
1135 3420 1308 3488 segniorique
1335 3420 1412 3470 modo
1438 3421 1526 3482 vocis,
1553 3429 1585 3474 ast
1611 3425 1751 3477 cassem
1820 3414 1831 3447 ²

114 3505 220 3582 ltaque,
242 3522 337 3579 quum,
363 3504 482 3580 exposito
505 3504 574 3558 inter
595 3505 737 3559 orationem
760 3515 787 3559 et
810 3513 914 3559 cantum
938 3501 1105 3560 discrimine,
1134 3503 1238 3555 tertium
1261 3502 1334 3555 vocis
1356 3498 1480 3555 morendi
1501 3521 1583 3576 genus
1603 3503 1645 3560 luis
1663 3505 1753 3562 verbis

114 3592 336 3647 Aristoxenus
354 3586 509 3643 indicasset:
532 3581 565 3638 dr
580 3585 618 3657 μη
636 3585 679 3639 deri
696 3585 786 3647 πάθος
802 3595 864 3640 noel
881 3592 917 3646 ελς
933 3586 1056 3652 τοιαύτην
1072 3591 1169 3651 κίνησιν
1187 3579 1391 3654 ἀναγκασθῶμεν
1408 3587 1508 3649 ἐλθεῖν,
1530 3585 1607 3645 buius
1631 3591 1752 3666 scriptio.

20 3696 27 3705 ·
113 3678 155 3732 nis
177 3684 268 3729 auctor
288 3670 358 3726 huuc
380 3672 406 3725 in
432 3671 538 3727 modum
561 3691 591 3726 cn
615 3669 743 3727 reddidit:
776 3675 831 3742 Qui
852 3671 1040 3741 διαστηματικῇ
1060 3667 1154 3736 κινήσει
1178 3672 1281 3732 utitur,
1309 3689 1327 3723 u
1343 3671 1446 3724 nemine
1468 3674 1570 3728 dieitur
1594 3678 1681 3745 toqui,
1705 3679 1754 3731 aed

113 3779 224 3823 ωῃηνςς
251 3753 367 3825 ἑκάτερον
388 3758 415 3807 dl
433 3763 459 3809 ἰν
475 3757 508 3828 τῇ
523 3755 571 3807 τοῦ
587 3755 680 3807 λοιποῦ
694 3760 782 3826 χρείᾳ,
805 3757 820 3811 i.
838 3774 863 3810 e.
879 3765 1024 3826 tetramque
1039 3773 1104 3812 nero
1129 3758 1169 3823 (el
1187 3751 1259 3830 loqnl
1277 3761 1305 3808 et
1322 3772 1416 3809 canere
1434 3752 1544 3821 dicitnr)
1566 3761 1616 3827 qni
1635 3762 1749 3829 reliquo,

112 3847 170 3901 sive
195 3846 277 3898 tertio
300 3845 347 3895 illo
368 3845 440 3897 socia
465 3845 608 3896 monendos
629 3859 730 3912 gessere
748 3843 845 3895 retitur.

180 3926 222 3980 36.
240 3919 353 3993 menone
375 3944 423 4001 pro
447 3924 646 3980 Aristoxeniano
669 3919 775 3994 ἀφανεῖς
796 3925 924 4001 scriptum
947 3920 993 3977 bic
1014 3930 1056 3976 est
1078 3930 1106 3976 ut
1128 3923 1155 3976 in
1177 3919 1258 3976 siusili
1281 3918 1340 3975 loco
1362 3918 1530 3988 Euclidis,
1556 3944 1582 4002 p.
1599 3926 1630 3979 λι
1660 3920 1677 3991 oi
1700 3930 1748 3995 μεν

23 4035 32 4047 ·
114 4005 160 4064 os's
179 4007 285 4077 συνεχής
306 4015 402 4076 κίνησις
423 4009 468 4075 της
489 4010 574 4077 poris
594 4007 640 4067 τάς
661 4028 688 4060 τε
711 4005 836 4067 ἐπιτάσεις
857 4013 899 4060 καὶ
917 4007 963 4065 τᾶς
986 3999 1083 4064 ἇνέοεις
1108 3998 1212 4074 ciperon
1232 4012 1351 4058 ποιεῖται.
1389 4002 1446 4060 Sed
1471 3999 1550 4066 οὗτός
1571 4017 1633 4086 post
1653 4007 1700 4069 τὰς
1723 4012 1751 4064 ολ

112 4093 198 4153 τάσεις
218 4113 267 4171 pro
289 4088 370 4162 αὐτην
393 4093 591 4149 Aristoxeno
613 4113 717 4170 qnoque
740 4091 931 4148 restituendum
954 4089 1066 4146 videtur.
1104 4088 1220 4155 Etenim,
1243 4108 1323 4164 quum
1348 4097 1440 4145 cantus
1463 4099 1566 4147 constet
1586 4093 1749 4152 tensionibus

113 4183 170 4236 sire
189 4182 274 4246 souis,
292 4197 343 4234 non
362 4178 553 4234 intensionibus
571 4186 597 4233 et
614 4176 825 4242 remissionibus,
844 4196 912 4252 qnae
930 4177 1001 4254 ipsae
1020 4192 1070 4229 non
1088 4174 1138 4229 nisi
1157 4172 1190 4229 ad
1208 4171 1363 4229 efficiendos
1381 4171 1441 4230 illos
1458 4174 1537 4242 liunt,
1561 4185 1618 4236 ταῖς
1636 4171 1750 4232 doloroso

113 4262 305 4320 attuariorum
332 4271 393 4340 apte
418 4271 584 4340 opponuntur
606 4265 634 4313 αλ
656 4259 740 4320 τάσεις
762 4255 847 4312 uehat.
892 4262 990 4318 Contra
1020 4259 1175 4337 pronomine
1202 4249 1294 4326 αὖτην,
1322 4277 1402 4334 quum
1430 4261 1549 4334 proxime
1570 4263 1749 4339 praecesserit

112 4348 260 4405 subiectum
282 4345 329 4414 την
350 4345 451 4416 φωνήν,
481 4344 581 4402 inutilis
607 4345 722 4403 efficitur
743 4343 861 4400 eiusdem
884 4345 1015 4422 repetitio.
1056 4341 1160 4398 Deinde
1182 4361 1215 4398 ne
1238 4348 1431 4412 φθεγγομένους
1456 4344 1573 4420 ineptum
1597 4344 1659 4401 lruic
1689 4345 1748 4402 loco

112 4442 195 4501 esset,
214 4432 295 4487 verba
314 4437 339 4483 tv
355 4433 391 4499 τῷ
407 4434 529 4502 μελῳδεῖν
545 4428 592 4498 την
609 4427 698 4499 φωνήν
715 4429 923 4506 interpunctione
941 4449 955 4484 a
974 4430 1069 4484 ceteris
1088 4426 1209 4485 disiouxi.
1244 4426 1274 4484 lu
1292 4428 1325 4482 iis
1342 4447 1419 4492 vero,
1436 4447 1504 4504 quae
1521 4448 1583 4485 mox
1599 4439 1747 4506 sequuntur

111 4536 146 4573 ex
170 4517 370 4572 Aristoxeno
393 4513 561 4590 corrigendus
582 4512 660 4571 lunius
680 4515 817 4589 scriptoris
838 4522 975 4570 contextus
997 4511 1113 4578 ridetur,
1136 4510 1285 4568 adiiciendo
1307 4513 1460 4588 pronomine
1483 4508 1513 4565 ὅν
1535 4523 1595 4590 post
1618 4511 1699 4566 τόπον
1721 4524 1749 4570 st

112 4599 237 4658 mnhndo
255 4602 282 4651 dt
300 4600 326 4654 in
343 4602 382 4651 δεῖ
402 4610 428 4655 st
446 4598 603 4669 διορίζοντας
619 4591 689 4654 ἰαδ
714 4594 855 4669 ὁρίζονται.
889 4594 958 4652 Τισι
981 4615 1050 4674 quae
1067 4598 1094 4652 iu
1119 4596 1319 4653 Aristoxeno
1340 4598 1507 4674 reperiuntur
1527 4592 1582 4657 ἅττ’
1604 4600 1660 4650 tart
1677 4593 1747 4651 τοῦτ’

113 4691 165 4739 taos
182 4685 274 4752 δῆλον,
293 4682 413 4757 laugnida
431 4683 538 4760 quidem
556 4692 584 4739 et
600 4681 762 4758 negligenter
778 4679 881 4750 addita,
904 4700 955 4737 non
974 4700 1005 4737 ea
1024 4679 1057 4736 de
1076 4700 1153 4737 causa
1170 4690 1294 4759 suspecta
1312 4679 1446 4748 duxerim,
1469 4682 1530 4758 qnia
1555 4680 1589 4737 ab
1607 4682 1745 4756 Anonymo

112 4771 195 4827 electa
221 4777 288 4825 suut.
325 4766 391 4840 Qui,
418 4786 465 4823 cus
486 4768 514 4823 in
537 4766 708 4844 sequentibus
730 4765 856 4822 adiecerit
876 4769 918 4819 ιτλ
940 4766 990 4818 τοῖν
1011 4758 1176 4835 ἇτσλτίονν,
1204 4783 1286 4843 quum
1308 4762 1353 4821 illa
1377 4766 1506 4843 quinque,
1532 4784 1599 4842 quae
1623 4765 1666 4823 lais
1684 4785 1744 4825 eou-

112 4852 253 4910 aideranda
274 4859 347 4920 suut,
374 4861 467 4909 ennon
489 4853 617 4928 posuerit,
644 4868 697 4907 uon
717 4847 811 4927 liquet.
1420 4931 1446 4990 G
