4236 5580
895 280 1107 434 Lu„

9 622 13 627 ,
115 506 175 579 ''¹‘'
196 560 310 642 'quae
333 539 441 615 verba
466 538 632 642 leguntur
655 539 692 614 in
719 565 913 644 anonymae
938 537 1133 641 scriptionis
1159 536 1312 613 sectione
1331 538 1390 612 12.
1430 535 1580 626 Deinde,
1603 564 1695 640 quae
1712 536 1851 613 Meiho·

213 689 305 765 mius
338 686 383 765 do
415 688 470 761 his
502 687 745 791 scriptionibus
778 686 925 776 dixerat,
973 685 1125 763 reddidit
1158 694 1347 762 loannes
1378 685 1582 762 Albertus
1614 687 1850 763 Fabricius

81 926 88 933 ,
214 840 251 914 in
267 835 480 913 bibliotheca
499 842 642 926 Graeca,
657 837 735 915 libr.
753 840 789 928 3,
814 866 891 940 cap.
912 840 969 926 10,
988 866 1066 941 pag.
1084 837 1170 911 260.
1213 841 1397 911 Postremo
1422 837 1680 912 Franciscus
1705 842 1847 912 Perne

210 988 247 1063 in
281 1004 429 1063 tractatu
459 989 643 1089 inscripto:
710 987 945 1063 Becherches
974 1017 1040 1064 sur
1062 991 1103 1063 la
1126 987 1297 1089 muschus
1322 987 1522 1072 ancienne,
1559 987 1618 1088 qui
1651 985 1778 1089 legitur
1809 987 1847 1060 in

209 1137 441 1213 Francisci
473 1135 658 1238 losephi
684 1136 808 1211 Fe'tis
849 1165 953 1214 revue
978 1138 1174 1224 muricula,
1204 1136 1399 1211 deuxieme
1424 1138 1531 1222 serre,
1565 1151 1665 1210 tome
1697 1136 1846 1220 second,

208 1287 453 1371 Pan‘s1830,
487 1314 567 1389 pag.
592 1286 792 1370 tlt-107,
825 1284 870 1361 de
896 1287 1060 1392 anonymi
1086 1286 1274 1388 scriptione
1298 1287 1335 1360 in
1360 1285 1483 1362 iisdem
1508 1285 1590 1376 illis,
1622 1286 1751 1389 quihus
1778 1313 1845 1388 ego

208 1464 305 1512 nunc
322 1465 405 1512 usus
420 1466 516 1525 sum,
541 1434 637 1510 libris
649 1433 902 1510 Parisiensihus
925 1454 1063 1539 reperta
1090 1434 1229 1512 locutus
1255 1453 1315 1524 est,
1341 1453 1377 1511 et
1402 1436 1660 1511 exercitationes
1687 1433 1847 1522 canendi,

210 1613 304 1688 quae
330 1585 542 1662 sectionibus
559 1587 610 1660 80
628 1602 664 1660 et
679 1589 728 1659 81
757 1585 990 1673 continentur,
1018 1585 1148 1689 publici
1174 1585 1259 1660 iuris
1286 1585 1377 1675 lecit,
1401 1585 1490 1659 haec
1514 1583 1648 1659 dicens:
1699 1584 1759 1660 [a
1783 1589 1847 1661 de·

209 1753 374 1812 converte
398 1739 445 1811 de
469 1763 510 1810 ce
533 1737 647 1810 traitd
667 1736 876 1835 r'nfinr‘ment
893 1739 1072 1837 precr'euor
1096 1764 1193 1812 nores
1214 1764 1240 1810 a
1252 1763 1355 1835 paru
1371 1736 1482 1811 d'une
1498 1737 1535 1811 si
1544 1738 1691 1835 grande
1707 1739 1845 1837 rinpor-

204 1901 332 1977 tance,
363 1913 434 1990 que
466 1913 562 1961 nous
594 1911 642 1960 en
671 1912 788 1960 avons
818 1888 890 1962 tatu
918 1915 991 1963 une
1020 1886 1140 1986 copr'e3
1173 1887 1239 1959 elle
1263 1899 1317 1960 est
1342 1885 1519 1960 d’uutant
1537 1888 1626 1985 plus
1648 1903 1781 1962 exacte
1806 1903 1842 1961 et

70 2074 78 2083 ·
191 2038 324 2138 fiddle,
360 2058 432 2140 que
455 2063 553 2112 nous
580 2035 724 2111 l'aoons
747 2037 993 2113 collatronnde
1015 2043 1042 2111 ὰ
1062 2037 1248 2136 plusieurs
1272 2037 1427 2136 reprr'ses
1449 2064 1515 2112 sur
1530 2039 1583 2112 les
1600 2039 1690 2112 trois
1707 2064 1842 2112 manu-

202 2188 343 2287 scrrpts.
395 2187 503 2262 Nous
527 2213 645 2260 arens
654 2187 739 2285 soit
766 2214 839 2262 une
861 2188 1078 2262 traductr'on
1101 2187 1218 2259 latrice
1242 2198 1278 2258 et
1289 2185 1491 2284 franpar'se
1514 2189 1561 2261 de
1585 2213 1625 2260 ce
1649 2189 1772 2272 traitd,
1805 2203 1842 2263 et

202 2362 301 2411 nous
323 2340 498 2434 espdrons
518 2362 609 2410 sous
629 2364 705 2436 peu
730 2339 771 2411 la
780 2339 889 2437 faz're
913 2340 1117 2411 connaitre.
1168 2340 1331 2410 Attamen
1355 2364 1401 2409 ne
1418 2334 1476 2410 hic
1494 2335 1639 2441 quidem
1657 2365 1748 2439 quae
1766 2337 1843 2439 pol-

200 2482 314 2561 licitus
339 2499 413 2559 erat
438 2483 617 2585 praestitit.

351 2639 426 2708 Iam
451 2662 553 2724 vero,
584 2632 665 2709 licet
696 2632 812 2707 nimiis
845 2632 990 2709 sortasse
1016 2632 1178 2709 laudibus
1206 2633 1412 2735 anonymi
1438 2635 1663 2738 scriptionem
1689 2636 1840 2713 Pernius

200 2780 448 2873 cumulaverit,
472 2811 591 2886 neque
616 2781 664 2858 ita
689 2783 808 2885 magni
833 2784 1003 2860 momenti
1030 2786 1073 2860 sit
1097 2782 1282 2859 Bacchii
1308 2784 1498 2859 senioris
1522 2784 1734 2862 introductio
1759 2814 1840 2861 mu·

198 2930 278 3022 sica,
302 2949 430 3024 tamen,
455 2963 568 3038 quum
593 2963 665 3011 non
693 2964 808 3038 pauca
833 2935 869 3009 in
895 2933 936 3009 iis
962 2934 1068 3010 insint
1090 2934 1225 3039 *notis
1249 2933 1475 3035 scriptoribus
1493 2953 1554 3011 aut
1570 2935 1668 3011 aliter
1684 2953 1744 3011 aut
1763 2964 1837 3010 non

197 3095 350 3171 tractata,
376 3100 412 3159 et
436 3112 509 3186 quo
532 3085 725 3160 contortior
749 3103 784 3160 et
809 3084 991 3159 obscurior
1007 3102 1059 3160 est
1077 3085 1234 3187 quaestio
1254 3082 1298 3159 de
1315 3103 1474 3161 veterum
1497 3085 1638 3171 musica,
1665 3114 1708 3159 eo
1726 3087 1837 3188 magis

198 3232 438 3315 necessarium
454 3261 530 3309 esse
546 3230 715 3323 videatur,
740 3262 786 3309 ne
803 3250 927 3310 tenues
945 3233 1090 3338 quidem
1116 3234 1231 3310 sontes
1256 3235 1490 3338 inexploratos
1516 3236 1732 3338 relinquere:
1760 3264 1835 3313 non

196 3374 321 3456 inutile
348 3382 425 3459 fore
451 3383 604 3487 speravi,
635 3383 664 3458 si
690 3383 756 3459 hos
781 3382 917 3459 libellos
942 3383 1096 3486 integros
1122 3415 1219 3462 nunc
1244 3385 1402 3475 ederem,
1429 3386 1525 3489 quod
1552 3405 1592 3462 ut
1617 3415 1774 3490 possem,
1799 3405 1836 3464 et

196 3526 310 3605 fratris
335 3534 404 3609 mei
423 3533 680 3623 Christiani,
707 3551 741 3610 et
765 3533 958 3611 amicorum
984 3534 1206 3611 Friderici
1230 3536 1459 3627 Schultze,
1484 3537 1698 3615 Professoris
1714 3539 1834 3641 Ligni-

195 3675 324 3770 tiensis,
349 3685 535 3761 Gustavi
560 3690 760 3774 Kramer,
784 3684 996 3761 Professoris
1021 3685 1266 3776 Berolinensis,
1291 3686 1521 3765 Guilielmi
1547 3696 1691 3793 Romy,
1716 3719 1832 3765 sacro-

194 3856 275 3907 rum
301 3833 459 3909 antistitis
485 3834 726 3939 Neapolitani,
758 3832 949 3926 Eduardi
982 3835 1152 3924 Miller,
1186 3835 1437 3912 bibliothecarii
1462 3838 1683 3926 Parisiensis,
1711 3841 1832 3918 essecit

194 3976 371 4083 diligentia
398 3951 438 4061 >et
470 3985 630 4077 comitas,
653 3987 715 4090 qui
748 3987 884 4088 roganti
918 3985 1021 4074 mihi,
1054 4005 1094 4063 ut
1124 4017 1143 4063 e
1176 3985 1352 4064 veteribus
1377 3985 1473 4063 libris
1499 4019 1561 4093 eq
1586 3988 1860 4080 describerentc¹

196 4128 390 4236 descriptos
416 4164 500 4211 cum
525 4136 599 4212 aliis
624 4137 826 4212 conferrent
851 4154 886 4213 et
910 4136 1103 4239 scripturae
1135 4136 1337 4212 varietatem
1370 4137 1557 4228 adderent,
1589 4159 1690 4217 notas
1722 4145 1832 4220 musi·

194 4310 252 4359 cas
277 4283 483 4388 ubicunque
508 4286 544 4360 in
570 4286 611 4361 iis
636 4303 792 4390 repertas
816 4288 854 4362 in
879 4284 1054 4391 pellucida
1085 4286 1203 4362 charta
1236 4300 1395 4365 accurate
1425 4290 1659 4383 imitarentur,
1692 4323 1830 4369 morem

193 4452 378 4536 gesserunt
402 4435 662 4513 humanissime.
713 4438 840 4539 Itaque
865 4439 920 4514 his
947 4469 1013 4543 pro
1038 4439 1157 4528 tantis,
1183 4468 1275 4542 quae
1301 4440 1387 4515 mihi
1413 4443 1676 4546 praestiterunt,
1703 4444 1829 4521 officiis

193 4584 319 4686 gratias
352 4613 418 4690 ago
451 4616 538 4690 quas
564 4617 708 4691 possum
733 4589 916 4681 maximas,
935 4562 1057 4692 'neque
1080 4589 1197 4668 minus
1222 4594 1379 4669 Ioanni
1404 4599 1433 4669 F
1442 4594 1607 4679 ranzio,
1632 4594 1829 4671 Professori

190 4733 425 4824 Berolinensi,
459 4739 537 4842 qui,
570 4768 683 4843 quum
708 4739 801 4818 hanc
824 4738 1014 4818 editionem
1041 4742 1155 4845 parari
1181 4773 1200 4819 a
1226 4774 1283 4820 me
1309 4744 1549 4847 comperisset,
1582 4747 1827 4849 apographum

190 4885 317 4987 prioris
342 4889 548 4995 scriptionis,
573 4888 672 4996 quod
697 4890 774 4996 ipse
798 4898 935 4970 Romae
961 4922 981 4969 e
1005 4891 1126 4971 codice
1150 4893 1344 4973 Barberino
1368 4895 1498 4972 fecerat
1520 4896 1826 4982 accuratissimum,
