4236 5580
756 434 760 444 ,
850 310 1002 437 ,9-3-

108 514 143 598 t}
165 513 362 603 ἀμφοτέρων
382 513 492 603 ἄκρων
513 517 745 595 συστέλλοντες,
766 518 976 604 μσλῳὸοῦμεο
989 513 1072 584 κατὰ
1096 515 1133 583 τὸ
1155 522 1255 602 μέσον
1276 515 1337 596 τὴν
1358 516 1409 595 δὶς
1430 514 1487 583 διὰ.
1507 517 1620 584 πασῶν
1642 524 1676 584 ἐν
1696 518 1743 602 τῷ

108 619 236 704 Audio·
263 616 334 684 εἶτα
361 616 579 705 τετράχορδον
605 614 839 702 ὑποβαίνσντες
865 615 919 688 cd»
943 617 1146 698 Ὺπσλύδιον,
1168 624 1222 687 καὶ
1243 618 1316 703 ἑξῆς
1336 616 1456 704 ὁμοίως
1476 617 1741 707 τετράχορδ[α]ον

109 731 281 797 bactram<
302 716 362 788 cdv
379 718 591 806 Ὑπερλύδιον.
634 722 687 787 95.
713 720 900 807 Κοχυμέναο
921 720 1003 808 ᾠδαὶ
1023 729 1078 791 καὶ
1098 725 1178 809 μέλη
1199 724 1322 807 λέγεται
1344 719 1385 787 τὰ
1414 719 1497 787 κατὰ
1519 719 1642 809 χρόνον
1665 719 1742 807 σύμ·

107 847 219 910 μττρα,
240 828 304 889 καὶΙ
313 820 418 910 χύδην
439 820 526 891 κατὰ
545 824 665 891 τοῦτον
685 822 926 911 μελῳδούμενα.
960 823 990 895 Ὁ
1004 823 1122 913 χρόνος
1137 820 1255 892 ἑαυτὸν
1275 821 1316 892 ori
1331 821 1469 892 δύναται
1485 823 1651 912 μετρῆσαι·
1673 837 1743 903 τοῖς

107 915 169 992 οὖν
189 932 224 992 ἐν
245 923 335 1010 αὐτῷ
356 932 539 1012 γινομένοις
560 939 734 1014 μετρεῖται.

175 1077 217 1132 st.
241 1069 391 1148 ἀμφοτέραν
405 1077 457 1130 saia
474 1072 565 1145 ἇκρυτ.
585 1081 616 1135 Ρ.
635 1082 768 1148 -μέσον
785 1079 818 1136 Ρ.
838 1103 870 1120 -
889 1078 931 1133 95.
957 1072 972 1131 o‘
989 1075 1083 1150 χρόνος
1100 1076 1191 1147 ἑαυτήν
1209 1082 1241 1136 B.

107 1380 230 1440 diffieiiea
250 1393 311 1440 auat
332 1393 358 1439 et
379 1385 413 1441 ad
437 1384 595 1453 audiendum
616 1393 643 1439 et
664 1383 697 1439 ad
720 1383 865 1442 caueudum
888 1378 1042 1455 (ἅδιάκριτα
1066 1385 1099 1458 τῇ
1120 1379 1185 1458 ἀκοῇ
1209 1395 1236 1442 st
1258 1382 1457 1454 σοςεκφιόνηια).
1503 1381 1560 1439 iloc
1582 1385 1652 1439 caim
1675 1381 1740 1439 dicit

106 1469 231 1547 scriptor:
265 1467 421 1548 Desumptis
443 1492 457 1526 a
481 1472 560 1527 totius
582 1471 745 1544 systematis,
767 1471 784 1526 i.
801 1489 825 1527 e.
849 1471 927 1547 trium
945 1479 1095 1526 octavarum
1113 1479 1140 1524 et
1163 1470 1238 1527 auios
1261 1473 1329 1530 toni,
1355 1468 1454 1550 ambitu
1476 1467 1636 1544 gravissimis
1659 1470 1739 1535 souis,

106 1568 169 1626 iude
185 1591 201 1625 a
218 1588 282 1627 aouo
302 1573 421 1650 Cusque
439 1572 472 1629 ad
492 1591 583 1630 sonum
602 1575 666 1639 Gis.
689 1581 717 1629 et
733 1572 905 1641 acutissimis,
928 1571 990 1629 iude
1008 1593 1021 1626 a
1040 1591 1104 1628 souo
1121 1560 1139 1628 b
1155 1592 1239 1650 usque
1257 1571 1291 1628 ad
1309 1591 1401 1629 sonum
1419 1560 1445 1639 d,
1463 1572 1506 1649 qui
1522 1571 1652 1627 coniuncti
1664 1571 1739 1626 auius

107 1664 215 1712 oderas
232 1656 345 1735 apetiam
364 1656 493 1724 efficiunt,
514 1667 615 1712 ceteras
633 1654 698 1713 duaa
715 1666 830 1720 octavas,
847 1655 908 1712 iude
927 1677 941 1711 a
959 1676 1023 1713 aoao
1042 1660 1072 1711 A
1089 1675 1171 1732 usque
1190 1656 1223 1712 ad
1241 1676 1332 1715 sonum
1351 1662 1381 1726 ιῑ,
1404 1658 1500 1735 quibus
1518 1665 1621 1712 coastat
1638 1651 1737 1730 Lydios

107 1738 208 1809 Μᾶοι,
225 1728 355 1799 Ιτὼοοα
372 1745 445 1800 vocis
462 1742 560 1800 ambita
579 1740 774 1820 comprehendi.
808 1738 881 1797 Haec
898 1741 977 1816 igitur
994 1760 1046 1796 aaa
1064 1753 1209 1817 congruunt
1226 1762 1289 1812 com,
1300 1743 1460 1800 Aristidis
1480 1742 1545 1808 iaco,
1565 1760 1643 1819 supra
1657 1761 1683 1819 p.
1698 1742 1739 1804 1⁴.

109 1844 182 1904 seqq.
204 1823 348 1904 espiicatu,
370 1827 416 1885 abi
440 1849 489 1885 non
513 1825 631 1900 Lydio,
655 1825 702 1881 sed
727 1825 830 1882 Dorio
853 1825 930 1881 modo
953 1825 1082 1883 bumaaas
1104 1830 1177 1885 vocis
1199 1828 1311 1885 ambitos
1333 1828 1463 1885 tribuitur.
1505 1826 1596 1902 itaque
1620 1825 1689 1882 banc
1712 1826 1738 1881 iu

105 1909 212 1967 modam
228 1911 298 1968 iater
312 1931 342 1967 sc
360 1911 483 1970 differant
500 1910 664 1969 Aristidis
682 1920 709 1967 et
725 1911 819 1968 buius
836 1912 970 1990 scriptoris
987 1913 1143 1970 sententiae:

631 2319 954 2394 -A
1637 2348 1728 2391 -ι

218 2395 1728 2444 --ιτ--

181 2468 233 2562 *4

757 2558 870 2615 ambitos
887 2557 1016 2615 bumanas
1033 2560 1105 2615 rucis

773 2643 917 2702 secandum
936 2641 1086 2703 Aristidem.

186 2582 206 2763 ἓ

185 2766 203 2833 ἓ

175 2838 203 2900 ,ὃ

185 2907 202 2955 ε

216 2960 252 3039 Hy
217 2707 256 2954 pedon-ius
229 2681 246 2694 ε

905 3007 1017 3063 ambitus
1033 3004 1162 3061 bumauae
1180 3004 1252 3060 racia

870 3091 1016 3150 meandum
1034 3089 1104 3149 buna
1120 3091 1283 3170 scriptorem.

1644 2889 1660 2916 b

1595 3005 1618 3055 2

1600 3058 1618 3085 0

584 3188 904 3204 *-
965 3173 1735 3382 *az-‘gaes

1379 3375 1698 3391 „m

354 3378 628 3390 η...-
1242 3382 1377 3394 .-

101 3727 260 3786 Couirratur
278 3735 356 3788 etiam
370 3734 453 3788 sectio
467 3734 508 3797 64.
525 3753 578 3810 quo
596 3734 653 3790 loco
673 3739 737 3794 satis
755 3740 861 3815 quidem
882 3737 984 3794 difficili
1001 3740 1110 3796 ambitui
1128 3740 1256 3796 bumaoas
1272 3740 1345 3795 vocis
1361 3737 1429 3793 duae
1446 3745 1552 3790 octavas
1570 3735 1637 3789 iuter
1654 3751 1732 3787 sonos

100 3812 130 3870 G
148 3818 207 3889 ct}
224 3817 334 3873 tributae
353 3818 481 3875 videntur.
521 3818 702 3893 Quaeram,
722 3825 746 3878 si
764 3845 823 3881 cum
842 3824 966 3880 hodierna
985 3827 1101 3881 trusione
1119 3838 1239 3882 accurate
1257 3840 1408 3903 comparare
1425 3820 1501 3887 reiis,
1517 3820 1654 3874 semitonio
1672 3837 1731 3872 sru-

101 3900 187 3954 tiores
202 3898 351 3975 cogitandos
369 3922 427 3957 esse
445 3924 521 3982 supra
542 3908 628 3962 monui
646 3928 703 3986 pag.
722 3914 748 3977 4,
766 3929 843 3987 seqq.
861 3939 894 3950 -
914 3909 999 3991 At-qoe
1017 3911 1129 3967 virilium
1149 3932 1256 3978 rocam,
1280 3931 1346 3988 quac
1369 3926 1397 3961 re
1415 3925 1475 3959 vera
1494 3922 1604 3981 capaces
1621 3902 1731 3958 duarum

99 3994 250 4041 octavarum
268 3994 343 4050 suot,
360 3984 481 4062 plurimis
499 3991 626 4048 ambitum
645 3997 712 4049 inter
728 4014 806 4051 sonos
825 3999 869 4050 Fia
888 4004 912 4049 ct
931 4002 972 4063 Aa,
992 3997 1007 4050 i.
1026 4016 1049 4050 e.
1069 3998 1196 4072 integrum
1218 3996 1327 4052 Dorium
1347 3990 1461 4071 modum,
1479 3986 1644 4045 itibuffldum
1662 4005 1729 4052 ‘⁸⁸‘a

100 4089 180 4146 supra
199 4073 308 4147 exposui
325 4090 381 4147 pag.
402 4073 448 4141 13,
472 4094 551 4150 quum
571 4087 674 4143 contra,
693 4099 761 4156 quae
780 4078 892 4154 Lydiam
910 4080 1031 4148 modam,
1055 4083 1072 4136 i.
1090 4102 1114 4135 e.
1134 4102 1211 4137 sonos
1230 4085 1297 4137 iuter
1314 4081 1342 4135 B
1357 4088 1382 4133 et
1399 4082 1415 4133 b
1433 4093 1526 4131 canere
1543 4074 1649 4150 possint.
1668 4092 1731 4150 pau·

101 4155 221 4210 ciasiruae
250 4159 420 4233 reperiantur.
462 4157 552 4234 ltaque
575 4160 609 4215 de
632 4164 769 4220 mulierum
794 4177 822 4221 et
843 4185 980 4244 puerorum
1006 4167 1164 4222 acutioribus
1185 4167 1294 4222 vocibus
1321 4165 1457 4233 (Sopraui
1483 4158 1561 4214 hodie
1588 4159 1729 4220 manius)

99 4241 208 4314 cogitari
226 4240 269 4297 bic
287 4243 387 4317 possit,
411 4244 435 4298 si
453 4244 566 4301 ambitus
583 4245 661 4320 Lydii
679 4247 750 4305 modi
769 4269 818 4305 aaa
837 4261 927 4306 octava
951 4254 1050 4308 acutior
1071 4263 1201 4317 sumatur3
1224 4270 1312 4307 earum
1335 4249 1417 4309 cuim.
1440 4265 1507 4322 quae
1529 4242 1637 4324 duarum
1659 4253 1729 4297 octa·

98 4361 190 4396 rarum
214 4362 323 4419 capace-s
344 4353 416 4411 sunt,
437 4345 565 4422 plurimae
588 4369 646 4406 curu
664 4371 785 4407 sonoram
804 4352 931 4409 ambitam
949 4365 1056 4422 canunt,
1079 4356 1122 4431 qui
1141 4357 1206 4411 sitos
1226 4364 1266 4408 est
1285 4355 1350 4407 iatra
1369 4367 1446 4405 souos
1467 4352 1483 4403 b
1501 4356 1528 4402 et
1545 4351 1567 4401 b.
1602 4345 1728 4400 Ceterum

100 4423 214 4499 Lydium
238 4427 343 4484 modom
366 4450 429 4485 sane
451 4451 513 4508 prae
537 4439 632 4489 ceteris
654 4440 776 4492 usitatam
796 4437 887 4504 tuisse,
909 4457 988 4518 supra
1007 4443 1093 4494 monui
1111 4460 1168 4517 pag.
1186 4442 1209 4493 6.
1229 4470 1262 4479 -
1281 4434 1398 4491 Levioris
1417 4434 1520 4508 generis
1537 4429 1677 4487 difficultas
1696 4450 1728 4484 eo

98 4522 235 4579 movetur,
260 4513 344 4588 quod,
366 4518 411 4590 qui
432 4515 490 4570 suoi
511 4516 583 4573 rx'tra
603 4517 702 4596 Lydiae
720 4522 807 4585 scalae
826 4525 952 4580 ambitam
971 4524 1003 4579 ab
1022 4536 1132 4602 utraque
1149 4535 1223 4603 parte
1241 4525 1337 4587 iaceat,
1361 4538 1438 4574 uuam
1459 4528 1577 4573 octavam
1596 4516 1727 4569 continere

99 4596 144 4652 bic
162 4596 293 4661 dicuntur,
312 4617 390 4673 quum
410 4602 435 4655 in
454 4601 604 4676 qaindecim
624 4607 758 4663 modorum
776 4618 916 4683 systemate
935 4619 1054 4666 octavum
1074 4630 1132 4665 cum
1155 4629 1205 4666 rano
1223 4620 1282 4664 tono
1300 4607 1405 4685 proprie
1424 4605 1578 4659 contineant.

167 4684 208 4736 95.
244 4681 285 4737 De
304 4681 453 4741 huiusmodi
474 4686 606 4758 melodiis,
628 4690 750 4764 rbytbmo
775 4692 919 4760 destitutis,
943 4715 1010 4770 quac
1034 4702 1155 4764 κεχυμένη
1177 4690 1281 4763 ᾄσματα
1297 4702 1323 4745 et
1341 4689 1446 4742 ἄτακτοι
1463 4687 1585 4757 periodica
1601 4692 1725 4738 vocentur

98 4765 132 4820 ab
150 4767 297 4822 Aristide
315 4787 371 4844 pag.
383 4771 429 4836 32,
448 4782 474 4825 et
492 4773 714 4844 διαψηλαφήματα
731 4777 764 4832 ab
783 4777 833 4834 hoc
849 4781 983 4856 scriptore,
1003 4782 1161 4848 sectiones,
1180 4778 1240 4834 ride
1259 4797 1325 4853 quae
1345 4773 1468 4831 edilium
1488 4770 1630 4826 sectionem
1650 4786 1726 4822 anuo·

98 4861 150 4905 tata
165 4861 232 4907 suot.
269 4852 345 4927 Quae
356 4861 506 4931 'sequuntur
524 4858 604 4913 verba
623 4879 656 4916 rx
671 4862 862 4921 Aristoxeni
880 4864 1035 4938 rhythmicis
1053 4863 1189 4943 desumpta
1207 4860 1336 4931 videntur,
1354 4862 1400 4918 abi
1413 4860 1478 4915 baec
1489 4856 1609 4930 leguntur
1625 4874 1652 4932 p.
1664 4854 1726 4908 272:

96 4934 183 5004 dorcada}
201 4932 215 4989 ὁ
232 4944 279 5006 μὲν
294 4935 387 5010 χρόνος
404 4934 575 5001 celebraturis
594 4939 626 4998 uri
642 4951 734 5018 τέμτει,
750 4949 870 5024 καθάπερ
887 4956 913 5004 rr
929 4959 984 5011 τοῖς
1003 4955 1150 5023 ἴμπροσθεν
1167 4953 1280 5018 εἴπομεν.

160 3252 173 3274 ·
160 3203 173 3229 ο
173 2962 203 3141 Pron!-

180 3410 229 3439 ..a-

181 3450 228 3498 θ’
