4236 5580
402 1208 930 1296 (616)(4661616611616)
983 1211 1048 1277 sss
1111 1213 1176 1277 ors
1248 1213 1310 1278 666
1397 1214 1461 1278 666

173 1396 214 1553 7116.
234 1399 298 1452 Ρ66.
316 1407 343 1454 61
360 1397 395 1454 Β.
411 1401 491 1472 signo
507 1387 555 1460 Π
579 1400 724 1455 rotundum
738 1402 863 1469 figurem
886 1401 1028 1464 1611666616
1052 1401 1162 1456 tertium
1185 1401 1294 1472 signum
1316 1402 1452 1469 inferioris
1475 1402 1575 1469 116666,
1604 1403 1736 1471 6666661

214 1519 222 1546 ,
241 1503 291 1539 om.
308 1502 335 1556 p.

103 1752 138 1809 ab
156 1763 261 1809 auctore
278 1754 399 1832 scriptos,
416 1751 580 1819 inferiorem,
597 1773 664 1831 quas
681 1764 817 1811 accuratus
834 1755 948 1810 rationes
970 1757 1121 1811 contineret.
1157 1752 1232 1828 Quae
1250 1751 1347 1810 deiude
1364 1764 1509 1832 sequuntur
1526 1756 1607 1812 verbe
1625 1753 1686 1812 inde
1703 1754 1737 1811 ab

104 1831 203 1907 'Ayoysi
223 1839 345 1910 661666χὴ6
362 1859 445 1916 usqne
463 1837 496 1894 ad
513 1837 670 1909 6616661666,
687 1849 777 1917 aperte
795 1860 854 1897 cum
871 1839 991 1916 sequenti
1009 1838 1132 1914 siglamm
1151 1837 1237 1895 1611616
1257 1838 1403 1906 cohaerent,
1422 1841 1463 1896 cui
1480 1842 1642 1917 praecedunt
1657 1838 1737 1896 verba

104 1923 154 1973 wie
171 1924 219 1977 τοῦ
235 1927 338 1978 Λυδίου
356 1922 464 1996 τρόπου,
482 1933 532 1981 661.
558 1922 614 1979 866
631 1925 791 2003 irrepserunt
808 1923 907 1981 librerii
926 1944 1013 1982 errore
1031 1927 1098 1982 inter
1116 1924 1164 1981 hos
1182 1924 1248 1980 duos
1264 1924 1336 1980 locos
1349 1935 1460 2001 quatuor
1473 1927 1573 1981 numeri
1588 1935 1615 1980 et
1628 1925 1737 1981 totidem

103 2005 228 2081 uiglarum
246 2010 332 2088 paris.
350 2027 417 2085 6666
436 2005 469 2062 66
487 2007 686 2065 antecedentem
704 2009 819 2066 tabularu
837 2011 1003 2088 pertinuisse,
1019 2022 1046 2068 et
1063 2031 1120 2067 eam
1139 2020 1239 2087 purtem
1257 2009 1343 2065 scalae
1368 2008 1503 2085 complexe
1526 2029 1583 2067 esse
1605 2008 1737 2079 videntur,

103 2112 171 2169 6666
188 2093 222 2150 66
241 2092 399 2172 explendam
416 2093 552 2160 maiorem,
570 2103 681 2170 quatuor
698 2093 926 2151 tetrachordorum
942 2096 1041 2152 scalam
1060 2095 1180 2152 addenda
1200 2096 1293 2151 minori
1308 2095 1444 2168 systemati
1458 2105 1507 2150 est.
1538 2096 1660 2151 Attamen
1674 2115 1737 2172 666-

104 2185 165 2232 1666
180 2176 303 2252 siglarnm
321 2180 392 2254 paria
410 2197 461 2233 non
480 2177 640 2256 respondent
657 2189 766 2256 quatuor
783 2181 969 2258 superscriptis
988 2182 1110 2245 numeris,
1125 2183 1181 2236 sive
1199 2200 1323 2237 uumerus
1342 2181 1399 2246 192,
1417 2182 1473 2235 sire
1491 2178 1652 2257 quirisaliue
1665 2199 1738 2257 pros·

103 2260 306 2318 lambenomeno
324 2263 460 2331 tribuetur,
479 2263 549 2319 unde
568 2266 701 2347 coniicias,
718 2264 793 2341 siglis
811 2264 904 2321 deesse
922 2284 984 2322 suos
1002 2286 1130 2333 numeros,
1151 2276 1177 2321 61
1194 2268 1309 2322 numeris
1323 2286 1384 2322 suas
1395 2262 1483 2337 siglas,
1501 2275 1528 2319 et
1540 2276 1610 2320 recte
1621 2264 1738 2322 adiectos

104 2367 120 2402 6
138 2366 181 2403 me
199 2368 257 2403 esse
275 2346 348 2423 siglis
365 2368 486 2405 numeros
503 2352 566 2415 512,
589 2352 653 2417 432,
674 2352 749 2420 4553,
766 2353 829 2414 512,
846 2352 961 2407 numeris
977 2371 1055 2408 66666
1073 2372 1103 2415 6,
1121 2350 1167 2416 116,
1185 2352 1237 2425 gis,
1255 2371 1277 2405 6.
1312 2349 1346 2407 111
1368 2351 1438 2407 enim
1462 2350 1562 2406 numeri
1579 2351 1693 2418 ctuosi,
1713 2352 1738 2407 61

103 2430 367 2511 pruslsmbnnomeuo
384 2454 508 2490 numerus
527 2435 588 2503 192,
610 2444 639 2491 ut
655 2455 747 2513 supro,
765 2435 899 2503 tribuitur,
916 2433 957 2492 his
974 2440 1045 2493 66616
1062 2448 1089 2494 61
1106 2438 1220 2493 numeris
1238 2434 1405 2512 respondent·
1441 2435 1497 2492 lum
1515 2454 1577 2491 reru
1594 2436 1659 2492 mira
1676 2434 1738 2493 1666

104 2518 220 2573 nuscitur
237 2515 385 2574 difficultss.
420 2518 514 2595 Neque
532 2521 601 2575 enim
620 2530 742 2598 pernocte
760 2519 955 2598 hyperboleeon
974 2521 1088 2578 debebat
1111 2540 1170 2577 esse
1191 2521 1231 2596 gis
1248 2541 1284 2568 =
1300 2523 1363 2586 729,
1385 2541 1470 2598 neque
1493 2523 1553 2577 trite
1570 2526 1611 2592 fis
1627 2542 1661 2569 =
1677 2522 1737 2591 618,

104 2600 154 2658 666
171 2613 294 2678 paranete
311 2623 333 2676 g
350 2623 385 2651 ε
400 2602 469 2672 κη’,
489 2606 506 2662 i.
525 2625 548 2662 e.
566 2606 630 2675 683,
647 2625 696 2681 pro
714 2615 835 2661 eccnrato
853 2625 960 2662 nurnero
977 2609 1048 2679 6823,
1066 2618 1094 2665 et
1109 2606 1210 2675 trites
1220 2626 1254 2654 =
1270 2604 1315 2672 κζ’,
1335 2606 1351 2663 i.
1369 2626 1391 2662 6.
1410 2608 1469 2673 607,
1486 2626 1535 2682 pro
1551 2618 1672 2663 66666616
1688 2627 1736 2665 nu·

105 2689 277 2757 6666660611.
314 2691 434 2746 Attamen
452 2688 511 2745 illos
528 2710 659 2762 numeros,
678 2694 722 2768 qni
740 2711 818 2747 sonos
830 2695 869 2761 fis
884 2701 911 2746 et
927 2695 973 2764 gie
993 2704 1113 2749 accurate
1131 2693 1288 2770 exprimunt,
1305 2689 1409 2745 16616116
1428 2693 1591 2767 corruptione
1610 2700 1684 2747 66166
1702 2711 1736 2749 ex

105 2770 148 2828 his
166 2793 234 2840 esse,
252 2772 323 2829 nullo
340 2775 418 2830 modo
435 2785 476 2830 est
492 2774 642 2832 verisimile.
677 2774 768 2852 116666
786 2795 837 2832 666
855 2774 961 2832 11166616
976 2776 1024 2838 666
1044 2779 1095 2855 1ρεί
1112 2777 1234 2854 scriptori
1252 2794 1324 2831 error
1342 2773 1508 2852 imputandus
1526 2782 1574 2843 est,
1593 2777 1645 2851 661,
1663 2786 1736 2853 post·

105 2861 315 2938 quamprimum
333 2878 455 2915 numeros
472 2869 590 2915 netarum
608 2880 622 2915 6
640 2868 666 2913 61
683 2879 700 2913 u
718 2858 857 2934 duplicatis
875 2863 990 2917 numeris
1007 2860 1136 2917 inferioris
1154 2871 1273 2927 6616666,
1291 2858 1333 2917 661
1350 2860 1443 2935 666616
1461 2857 1512 2915 6116
1530 2856 1644 2929 6616616,
1664 2868 1735 2916 66616

104 2947 234 3021 repperit,
252 2963 332 3021 quum
349 2953 490 3022 paraneten
508 2942 624 2999 adhibita
643 2946 742 3000 ratione
759 2946 776 2998 8
794 2966 800 3000 :
818 2946 835 2999 9
857 2965 872 2999 6
890 2955 950 3002 6616
972 2942 1181 3021 hyperbolaeon,
1203 2955 1229 2999 61
1250 2946 1329 3000 triten
1351 2945 1450 2999 ratione
1472 2944 1616 2998 ’1636156
1639 2964 1654 2999 6
1676 2954 1736 3001 6616

106 3026 308 3103 diezeugmenon
326 3028 433 3085 efficere
453 3027 571 3096 deberet,
590 3029 691 3085 1666666
708 3028 800 3085 ordine
817 3027 868 3085 hoc
885 3030 955 3085 16611.
980 3029 1027 3086 Sic
1045 3029 1140 3086 iactum
1159 3041 1206 3095 est,
1224 3026 1340 3086 6166616
1358 3030 1483 3085 existeret
1499 3029 1574 3105 66661
1588 3027 1737 3085 edhodier·

105 3134 167 3172 uem
185 3117 311 3171 rationem
329 3115 465 3178 instructa,
483 3135 534 3192 666
552 3116 632 3171 666161
650 3106 737 3171 mollis
754 3115 827 3171 modi
843 3117 983 3192 septimum
1003 3125 1029 3171 et
1046 3124 1149 3172 sextum
1166 3135 1258 3171 sonum
1277 3112 1443 3170 ascendendo
1464 3111 1578 3170 solemus
1599 3116 1737 3172 semitonio

107 3219 217 3274 augere,
241 3200 268 3256 id
292 3198 363 3276 quod
384 3218 490 3279 prorsus
512 3196 624 3255 alienum
648 3199 680 3254 eb
704 3202 810 3277 6611666
833 3203 931 3257 6611666
954 3210 1008 3266 661,
1029 3210 1057 3254 61
1073 3201 1106 3257 116
1123 3199 1224 3276 legibus
1247 3209 1385 3278 repugnat,
1408 3219 1474 3276 6666
1498 3199 1531 3254 66
1553 3200 1737 3276 consequentia

106 3303 227 3340 sonorum
246 3295 348 3341 veteres
366 3294 494 3350 statuunt,
513 3304 591 3360 quam
610 3290 740 3350 συνέχειαν
755 3288 812 3340 6166
829 3284 859 3338 ed
877 3287 932 3354 1ξῇς
948 3296 1057 3355 6666616
1077 3284 1137 3366 6166
1160 3306 1227 3363 quae
1251 3285 1301 3341 hac
1325 3284 1358 3340 dc
1381 3304 1410 3340 re
1432 3284 1562 3363 disputata
1586 3306 1600 3339 6
1619 3306 1661 3342 me
1677 3295 1738 3342 sunt

107 3390 164 3446 pag.
182 3373 216 3426 35
234 3380 299 3426 extr.
318 3378 344 3424 et
361 3389 418 3448 pug.
435 3371 484 3437 36,
503 3380 529 3425 61
546 3369 737 3427 Aristoxeni
756 3371 795 3427 ibi
814 3369 892 3427 alluta
910 3372 1001 3427 rerba.

175 3507 217 3562 18.
240 3506 283 3560 80.
306 3505 347 3560 81.
369 3506 413 3561 83.
453 3502 660 3562 continebuntur
680 3504 721 3561 his
743 3506 904 3564 sectionibus
927 3507 1126 3563 exercitationes
1149 3504 1258 3561 6666661
1281 3501 1421 3577 (soiseggi
1443 3504 1476 3559 ab
1495 3503 1567 3560 ltalis
1584 3504 1738 3574 vocentur),

107 3591 203 3667 quibus
221 3587 336 3663 singulos
353 3587 475 3667 discipuli
493 3610 571 3645 66666
589 3600 640 3644 tem
659 3591 840 3667 perordinem
858 3594 954 3659 666166,
973 3611 1050 3666 qnam
1070 3590 1271 3647 consonantibus
1289 3589 1433 3646 intervallis
1450 3588 1586 3653 salientes,
1604 3599 1630 3644 et
1648 3610 1738 3645 escen·

108 3674 195 3731 dendo
208 3685 240 3730 ct
257 3675 453 3742 descendendo,
477 3686 601 3732 rotroco
620 3685 663 3730 661
681 3676 859 3733 instrumentis
877 3688 948 3732 66616
967 3696 1059 3731 666666
1078 3674 1217 3732 discerent.
1254 3674 1336 3731 Lente
1354 3687 1380 3732 et
1396 3674 1473 3750 plenu
1492 3695 1550 3730 curn
1569 3694 1633 3728 6666
1651 3673 1737 3755 prole·

108 3759 203 3816 666666
220 3759 268 3816 has
286 3761 486 3817 exercitationes
504 3781 574 3822 6666,
595 3779 646 3836 666
665 3762 746 3833 magis
763 3780 856 3817 sonore
874 3773 901 3817 et
918 3758 1055 3816 emendate
1073 3758 1188 3834 singulos
1205 3780 1283 3817 sonos
1301 3771 1328 3816 et
1345 3780 1438 3816 canere
1456 3758 1581 3815 61666166
1594 3758 1738 3835 discipulus

109 3856 274 3908 6666666661,
292 3857 363 3902 66616
381 3856 471 3903 monet
486 3847 599 3924 scriptor
615 3855 681 3901 sect.
700 3849 746 3913 18,
769 3846 838 3903 uude
856 3845 889 3902 ds
908 3867 972 3903 6666
991 3848 1101 3904 huruuua
1121 3844 1198 3901 etde
1217 3846 1288 3901 tibiis
1311 3848 1392 3919 magis
1414 3865 1473 3899 curn
1499 3846 1636 3917 cogitem.
1659 3864 1738 3921 quam

108 3931 142 3985 de
166 3929 275 3996 fidibus,
300 3929 375 3986 166116
398 3931 557 4004 intelligitur.
594 3930 696 3987 lbidem
721 3932 801 3987 verbs
828 3926 949 3992 (16616666
972 3929 1050 3985 01τὸ
1074 3937 1199 3999 tenerior,
1222 3951 1302 4008 quum
1326 3931 1366 3985 his
1384 3931 1480 4007 scripta
1499 3931 1524 3985 16
1544 3928 1679 3987 codicibus
1696 3949 1738 3986 66-

107 4019 248 4092 periuntur,
267 4025 311 4070 661
328 4014 427 4072 11166611
446 4036 533 4072 errore
552 4019 579 4072 16
597 4019 710 4094 priorem
730 4015 815 4072 locum
834 4017 971 4094 irrepsisse
989 4016 1102 4095 putandu
1121 4025 1190 4075 6661,
1209 4017 1236 4071 16
1255 4015 1324 4093 6666
1344 4014 1441 4070 6661116
1458 4015 1532 4069 66616
1549 4012 1675 4081 16616661,
1694 4026 1738 4072 661

107 4121 155 4180 pro
174 4096 191 4169 ἢ
206 4107 301 4168 κίνησις
318 4100 486 4156 scribendum
504 4111 544 4157 est
563 4098 577 4170 ἦ
594 4107 762 4172 ,6166166666
791 4101 846 4157 lam
859 4123 928 4168 6666,
945 4123 1025 4180 quum
1045 4123 1077 4156 ex
1095 4103 1159 4179 ipsis
1175 4100 1335 4156 sectionibus
1353 4101 1386 4154 80
1404 4099 1480 4153 6181
1499 4109 1629 4176 appareat,
1648 4120 1738 4177 quem-

108 4184 249 4242 admodum
267 4188 407 4242 instructoe
425 4188 477 4241 6161
495 4184 544 4239 hae
557 4188 765 4253 exercitationes,
784 4207 865 4264 proca
885 4198 983 4244 tantum
1001 4185 1231 4244 66616611616666.
1257 4183 1382 4251 Primum,
1400 4204 1479 4262 quum
1497 4183 1589 4239 eadem
1608 4183 1737 4241 melodice

108 4273 189 4348 figure
213 4273 239 4327 in
262 4271 369 4346 singulis
392 4270 468 4327 lineis
489 4280 637 4326 constanter
659 4281 787 4338 recurrat,
809 4291 860 4327 non
882 4270 1006 4328 difficiles
1028 4275 1044 4327 ii
1061 4274 1137 4351 pauci
1156 4269 1206 4326 loci
1224 4279 1285 4327 sunt
1303 4268 1335 4324 ad
1353 4268 1546 4344 corrigendum,
1569 4269 1614 4327 ubi
1636 4278 1736 4334 666666,

108 4378 173 4435 6666
197 4356 327 4421 66666161,
351 4356 456 4412 6661666
480 4365 614 4432 corruptas
638 4355 735 4412 habent
757 4367 843 4422 notesr
867 4355 917 4413 huc
940 4359 966 4412 16
984 4356 1094 4414 Graecis
1113 4359 1180 4412 notis
1202 4359 1236 4411 116
1260 4355 1323 4420 1661,
1343 4366 1371 4412 61
1392 4357 1465 4412 66616
1483 4354 1598 4410 inclusae
1616 4353 1736 4410 codicum

107 4446 253 4520 scripturae
271 4454 368 4497 rectem
386 4453 472 4499 661666
490 4442 725 4520 superscriberem,
744 4443 770 4496 16
788 4440 922 4497 hodiernis
936 4462 998 4498 vero
1015 4445 1096 4508 66116,
1119 4463 1152 4497 66
1170 4440 1269 4520 duplici
1286 4444 1414 4516 scriptura
1433 4441 1535 4497 tabulas
1552 4438 1736 4502 deiormarern,

108 4539 194 4585 666166
212 4527 389 4582 tantummodo
406 4539 480 4583 66166
498 4526 618 4604 depinxi,
641 4527 688 4582 sed
708 4528 807 4583 minore
830 4546 875 4583 eus
898 4527 992 4595 166666,
1014 4537 1042 4584 ut
1065 4548 1079 4582 a
1102 4529 1207 4591 ceteris,
1229 4546 1297 4603 6666
1318 4529 1445 4604 scripture
1468 4525 1587 4582 codicum
1614 4526 1735 4592 nituntur,

109 4612 186 4670 166116
210 4611 435 4686 distinguerentur.
471 4610 575 4668 Deinde
598 4610 690 4676 61666,
715 4632 795 4688 quum
818 4633 832 4666 a
855 4613 960 4683 sonos
970 4633 1019 4692 per
1036 4612 1196 4669 diatessaron
1215 4611 1380 4668 ascendendo
1396 4614 1533 4689 pervenias
1551 4607 1584 4663 66
1601 4628 1693 4665 sonum
1712 4613 1735 4673 0,

108 4702 153 4775 661
174 4700 200 4753 16
223 4697 338 4772 simplici
361 4719 375 4752 a
398 4718 462 4753 6666
480 4699 502 4753 Α
526 4698 666 4774 incipiente
685 4696 756 4753 molli
773 4696 843 4753 scala
862 4718 912 4754 non
930 4700 1070 4775 reperitur,
1097 4697 1141 4754 hic
1158 4717 1236 4754 66666
1254 4717 1288 4753 cx
1305 4695 1470 4754 tetrachordo
1487 4714 1672 4767 synemmenon
1690 4693 1736 4750 ad·

108 4794 229 4862 sumptus
246 4793 288 4838 661
304 4792 368 4840 6661.
386 4784 429 4849 80,
448 4783 490 4839 116.
509 4783 533 4838 6.
553 4782 816 4847 616661.81,116.7.
852 4783 939 4859 Quem
958 4803 1038 4861 quum
1055 4784 1081 4839 16
1100 4785 1193 4839 6616616
1211 4782 1287 4838 116616
1305 4781 1444 4839 adsumere
1461 4800 1512 4836 non
1530 4791 1735 4849 necessumst,

109 4878 196 4924 temen
213 4867 265 4925 hoc
282 4866 377 4924 1661666
396 4879 438 4924 661
453 4877 519 4926 sect.
538 4869 584 4936 80,
607 4866 651 4923 116.
670 4869 693 4921 7.
712 4870 798 4944 priore
816 4867 887 4934 loco,
904 4888 989 4947 66666
1007 4880 1092 4926 tameo
1114 4869 1258 4949 posteriore
1280 4869 1405 4926 sectionis
1424 4867 1471 4928 81,
1495 4863 1595 4929 111166
1618 4864 1662 4940 qul
1683 4863 1736 4921 10ῦὶ

109 4954 241 5011 asteriscis
259 4952 306 5023 (³)
325 4972 340 5010 a
358 4972 409 5023 ms,
426 4955 498 5012 6116
516 4952 606 5012 666166
624 4950 755 5026 66666661,
773 4955 876 5032 signati,
893 4954 945 5014 sibi
963 4956 1076 5017 16616666
1094 4952 1261 5032 respondent.
1295 4952 1352 5014 1166
1368 4952 1447 5029 igitur
1463 4968 1513 5007 666
1530 4947 1588 5006 loco
1604 4950 1736 5008 666116666

1392 5032 1439 5093 lai
