4236 5580
1019 295 1077 384 92

973 411 1124 425 unq——

241 524 301 570 νου
322 502 383 583 τῆς
402 497 538 584 ῆλιακῆς
557 500 687 586 μάλλον
707 505 855 589 aromaca
875 505 1047 587 γενέσθαι,
1068 500 1129 569 τὸν
1149 501 1184 566 δὲ
1204 499 1265 567 τοῦ
1280 498 1391 585 Ἄρεος
1410 500 1470 582 τῆς
1490 501 1686 583 σεληνιακῆς.
1730 502 1787 569 85.
1814 499 1878 571 Ast

240 609 299 672 καὶ
319 605 384 671 τῶν
406 604 635 693 σχηματισμῶν
656 605 720 672 τῶν
738 608 800 691 μὲν
821 604 880 672 τοῶ
901 603 1038 692 Κρόνου
1059 601 1143 692 πρὸς
1162 604 1225 670 Δία
1245 601 1372 684 πάντας
1392 600 1622 690 άγαθοποιούς
1636 607 1880 697 καθίστασθαι

243 709 435 795 συμβέβηκε,
458 707 522 775 τῶν
544 707 579 772 δὲ
599 707 658 774 τοῦ
679 705 814 791 Κρόνου
836 706 918 795 πρὸς
939 706 1033 790 ἥλιον
1053 703 1177 794 μόνους
1198 702 1275 784 τούς
1293 703 1476 794 τριγώνους,
1497 705 1541 787 ῶς
1561 707 1626 775 τῶν
1647 709 1774 776 λοιπῶν
1794 730 1878 794 συμ-

239 815 454 897 φωνοτίρους·
484 805 604 894 ὁμοίως
636 810 670 876 δὲ
697 813 750 877 καὶ
775 810 841 879 τῶν
866 810 929 879 τοῦ
948 809 1060 898 Ἄρεος
1084 809 1166 894 πρός
1193 833 1226 876 τε
1252 805 1313 890 τήν
1337 807 1536 896 Ἀφροδίτην
1562 813 1615 878 καλ
1641 808 1701 892 τήν
1723 808 1878 893 σελήνην·

239 925 304 999 κρδς
323 933 371 998 μλν
393 933 487 997 λκιίιην,
508 926 604 986 πάντας
625 919 821 999 άμαθοπσεούς,
847 925 912 1001 πρὸς
933 931 960 982 dt
980 925 1156 998 τῆνισιλῆνην
1176 908 1222 997 μὴ
1249 909 1376 992 πάντας
1402 908 1511 994 πάλιν,
1536 908 1622 980 ἀλλὰ
1646 908 1772 998 μόνους
1798 911 1880 994 τοὺς

239 1009 428 1097 τριγώνους·
455 1011 494 1080 τὸ
520 1009 548 1079 δ’
570 1015 719 1080 ἐναντίον
739 1009 818 1093 τούς
836 1017 897 1099 μέν
917 1011 1053 1100 Κρόνου
1074 1009 1157 1098 πρὸς
1180 1011 1318 1096 σελήνην
1344 1017 1400 1082 καὶ
1419 1013 1618 1105 Ἀφροδίτην
1637 1012 1769 1095 πάντας
1790 1014 1879 1104 φαύ-

238 1112 330 1203 λους,
356 1111 433 1195 τούς
455 1112 483 1183 δ’
501 1113 612 1203 ’Ἄρεος
631 1111 714 1202 πρὸς
734 1112 791 1184 τὸν
813 1113 907 1199 ἥλιον
928 1119 980 1186 καὶ
1000 1119 1064 1185 Δία
1084 1113 1212 1194 πάντας
1233 1120 1432 1206 ἐπισφαλεῖς.

843 1353 1267 1365 mm...-

323 1607 427 1697 Atque
448 1608 527 1676 haec
548 1616 685 1676 extrema
706 1603 825 1674 codicis
849 1605 1102 1697 Neapolitani
1122 1607 1188 1673 262
1209 1615 1281 1674 sunt
1301 1605 1405 1675 uerba
1450 1608 1568 1691 Restat,
1590 1618 1624 1677 ut
1646 1631 1727 1698 quae
1749 1612 1784 1680 in
1808 1614 1880 1682 Pa·

237 1710 472 1780 risiensibus
491 1720 522 1778 et
542 1709 759 1779 Barbetiuu
781 1720 813 1777 et
829 1709 1094 1800 Neapolitano
1116 1709 1226 1777 codice
1240 1712 1304 1776 259
1326 1709 1401 1778 inde
1421 1714 1650 1780 aseotione82
1663 1715 1880 1804 reperiuntur,

239 1813 412 1884 exhibeam.
462 1814 556 1880 Hunc
583 1815 666 1880 enim
692 1813 935 1904 Neapolitanum
962 1836 1086 1904 quoque
1113 1813 1188 1880 inde
1214 1837 1233 1881 a
1259 1815 1399 1882 sectione
1425 1817 1468 1881 96
1498 1837 1597 1905 usque
1629 1815 1670 1884 ad
1700 1829 1881 1887 exuemam

237 1916 437 2006 scriptionem
452 1915 604 1983 consului.
647 1918 713 1984 lem
731 1940 817 2000 uero,
840 1939 934 2007 quum
955 1920 1111 1987 sectiones
1133 1918 1284 2000 83-93,
1307 1940 1387 2007 quse
1408 1941 1477 1986 cum
1499 1920 1608 2008 primis
1622 1919 1714 1988 huius
1730 1923 1879 2011 scriptio·

236 2020 286 2086 nis
307 2020 451 2088 undecim
473 2020 664 2088 sectionibus
686 2021 867 2111 plerumque
889 2032 1076 2108 congruunt,
1099 2042 1193 2110 supra
1214 2019 1353 2089 dederim
1374 2043 1444 2111 pag.
1468 2024 1624 2108 17-26,
1646 2023 1688 2091 ad
1709 2028 1877 2094 castutius

236 2132 373 2208 transeo,
396 2146 476 2213 quae
497 2124 645 2193 sectionis
659 2126 702 2191 93
723 2125 818 2193 umba
837 2124 1003 2214 excipiunt

236 2616 288 2681 94.
316 2615 359 2683 ‘H
375 2616 571 2704 ἀνθρωπίνη
594 2619 689 2709 φωνή
708 2625 905 2706 μεμέτρηται
925 2618 1072 2708 φυσικῶς
1090 2617 1138 2702 τῶ
1159 2617 1211 2696 δὶς
1232 2615 1288 2684 διὰ
1309 2618 1425 2686 πασῶν
1446 2618 1657 2706 διαστήματι·
1680 2627 1734 2688 καὶ
1754 2620 1872 2705 ἐπειδή

236 2713 278 2783 τά
298 2718 476 2806 βαρύτατα
498 2720 674 2806 άδιάκριτά
695 2730 763 2789 ἐστι
783 2724 825 2816 τῆ
845 2720 938 2815 ἀκοῇ,
958 2714 1001 2786 τά
1023 2719 1050 2786 δ’
1070 2716 1212 2806 ὀξύτατα
1234 2720 1472 2810 δυςεκφῶνητα,
1494 2723 1554 2803 τήν
1573 2726 1655 2809 μίαν
1676 2717 1730 2791 διὰ
1752 2728 1871 2792 πασῶν

304 2857 347 2912 dl.
385 2859 509 2930 μετρῆται
527 2861 557 2914 Β.
577 2889 609 2899 -
626 2859 662 2927 τῷ
676 2863 730 2930 τρὶς
747 2856 791 2912 διὰ
808 2858 896 2912 πασῶν
913 2859 979 2914 Pur.

235 3127 339 3187 Etenim
356 3132 471 3210 primum
488 3129 537 3186 soli
555 3150 709 3207 paramesen
727 3129 892 3186 tribuendam
911 3150 969 3187 esse
985 3149 1016 3185 eo
1034 3115 1154 3208 apparet,
1172 3128 1242 3207 quod
1261 3150 1275 3184 ε
1294 3128 1397 3186 λίσσετο
1415 3138 1486 3194 ίουο,
1504 3150 1518 3184 a
1537 3129 1599 3186 lore
1617 3134 1771 3188 consonanti
1790 3137 1872 3190 inter·

235 3213 306 3270 vallo
324 3215 422 3272 distare
440 3214 552 3280 diuitum·
570 3214 647 3270 lunae
664 3235 726 3269 vero
744 3214 857 3293 hypaten
876 3235 979 3282 meson,
1001 3215 1072 3292 quud
1091 3213 1168 3269 etad
1186 3214 1276 3271 lovem
1294 3213 1371 3270 etad
1389 3213 1518 3271 Venerem
1538 3235 1684 3273 consonans
1702 3220 1727 3273 ei
1744 3218 1875 3276 tribuitur

234 3300 407 3361 interuallum.
442 3304 530 3379 Atque
553 3299 603 3355 boc
627 3301 733 3377 quidem
756 3320 839 3376 aeque
861 3299 986 3366 efficitur,
1012 3302 1035 3354 si
1058 3298 1335 3378 proslambanomenon
1355 3302 1381 3356 ei
1398 3301 1510 3365 tribuas,
1532 3311 1560 3358 ut
1577 3301 1674 3378 hypate
1693 3302 1808 3381 hypaton
1828 3305 1874 3362 vel

233 3385 331 3464 hypate
349 3407 439 3444 meson
458 3387 581 3460 assignari
599 3383 728 3441 Mercurio
746 3387 837 3463 possit,
856 3405 934 3462 quem
952 3386 1040 3441 onrlsit
1057 3386 1177 3463 scriptur.
1211 3383 1267 3439 Sed
1286 3395 1349 3452 tum,
1366 3391 1395 3440 ut
1413 3395 1483 3441 recte
1501 3389 1601 3443 monuit
1618 3388 1774 3457 Wallisius,
1790 3410 1876 3447 aonu-

233 3491 292 3528 rum
309 3475 432 3530 stantium
449 3492 516 3530 nnus
533 3473 594 3540 (aut
612 3470 815 3548 hypatemeson
834 3481 878 3526 aut
895 3469 991 3548 hypate
1010 3468 1139 3547 hypaton)
1159 3481 1276 3526 maneret
1292 3469 1395 3548 planeta
1415 3489 1524 3538 recusat
1548 3471 1665 3539 accedit,
1683 3474 1769 3552 quod,
1786 3496 1875 3553 quum

234 3554 325 3614 Venus
340 3559 386 3627 τῆς
404 3557 557 3626 σεληνιακῆς,
575 3555 677 3635 Iupiter
692 3556 737 3623 τῆς
753 3552 857 3624 ἡλιακῆς
878 3560 994 3627 αἱρέσεως
1011 3575 1069 3611 csse
1088 3553 1215 3624 dicuntur,
1232 3554 1325 3612 eodem
1344 3555 1480 3612 intervallo
1498 3556 1702 3627 (diatessaron),
1716 3552 1779 3637 'quo
1798 3560 1876 3640 lupi·

234 3649 276 3697 ter
292 3662 306 3696 a
322 3641 380 3698 sole
398 3642 488 3711 distat,
511 3640 598 3698 lunam
617 3661 720 3718 quoque
736 3662 750 3696 ε
768 3639 871 3697 Venere
889 3639 986 3696 distare
1003 3652 1205 3697 consentaneum
1220 3651 1274 3708 est,
1296 3639 1324 3697 id
1342 3639 1413 3718 quod
1429 3653 1566 3718 praeterea
1589 3645 1678 3701 verbis
1700 3645 1764 3698 sarai
1786 3648 1874 3701 ταῦτα

234 3725 345 3783 indicari
367 3728 484 3793 videtur,
508 3747 576 3805 qnae
598 3728 686 3781 neseio
704 3747 736 3781 an
754 3728 779 3781 in
798 3728 862 3778 κατὰ
877 3719 960 3778 ταύτά
979 3725 1100 3781 mutanda
1119 3728 1179 3783 sint.
1215 3726 1307 3804 ltaque
1325 3727 1378 3782 duo
1396 3726 1439 3782 bie
1456 3737 1518 3782 sunt
1535 3729 1654 3786 binorum
1669 3730 1876 3790 coniunctorum

235 3812 457 3872 tetrachordorum
480 3815 566 3893 paria,
591 3830 699 3888 quorum
723 3809 831 3866 alterum
856 3809 943 3866 lunam
968 3812 994 3866 in
1017 3813 1172 3885 gravissimu
1194 3814 1306 3867 termino
1328 3812 1427 3867 habens
1447 3810 1556 3868 Veneris
1576 3815 1711 3888 benignam
1728 3825 1759 3871 et
1775 3815 1876 3875 Martis

237 3896 375 3973 malignam
399 3898 502 3956 stellam
527 3899 654 3959 continet,
674 3915 741 3971 quae
763 3915 820 3951 earu
842 3895 877 3951 oh
899 3916 1004 3952 causam
1023 3896 1120 3952 lunaris
1138 3907 1225 3952 sectae
1243 3918 1301 3952 esse
1320 3896 1453 3964 dicuntur,
1476 3908 1502 3952 et
1520 3902 1686 3955 consonantia
1703 3898 1873 3961 diatessaron

236 3983 304 4038 inter
323 4003 354 4039 se
376 3984 531 4049 cohaerente
554 3981 665 4038 alterum
683 3983 709 4036 in
728 3983 880 4055 gravissimo
897 3983 1008 4037 termino
1025 3980 1107 4036 sulem
1127 3983 1254 4045 continet.
1277 3984 1352 4038 cuius
1368 3993 1457 4038 sectae
1475 3992 1536 4038 sunt
1554 3983 1625 4040 lovis
1645 3985 1756 4061 benigna
1775 4000 1804 4045 et
1819 3987 1872 4045 Sa·

239 4069 309 4122 turni
331 4068 440 4145 maligna
465 4069 555 4132 stella,
577 4067 671 4123 eodem
694 4066 739 4122 tlto
762 4065 921 4122 diatessaron
946 4065 1081 4122 intervallo
1106 4069 1175 4122 inter
1191 4087 1220 4124 se
1238 4071 1399 4124 coniunctae.
1435 4067 1560 4124 Ceterum
1578 4071 1657 4126 verba
1674 4071 1753 4143 μῆτις
1770 4078 1870 4127 ολίσθοι

237 4171 286 4228 pru
302 4150 377 4222 μῆτις
393 4155 545 4226 θαυμαζέτω
564 4152 633 4210 dicta
652 4152 780 4220 videntur,
798 4151 868 4208 unde
888 4150 1064 4208 Wallisins
1082 4172 1113 4207 ea
1131 4155 1271 4209 convertit:
1295 4158 1379 4210 Nemo
1397 4165 1487 4210 antem
1504 4159 1600 4211 miram
1616 4168 1705 4227 putet.

303 4239 345 4293 85.
380 4237 430 4294 Pro
452 4241 495 4306 iis,
519 4259 586 4317 quae
602 4241 717 4295 sectione
732 4240 767 4294 84
783 4239 918 4317 expositae
934 4248 1009 4305 suut,
1030 4236 1164 4294 stellarum
1184 4242 1280 4296 mutuis
1297 4239 1440 4295 rationibus
1457 4241 1569 4318 primum
1588 4242 1614 4296 iu
1632 4243 1770 4316 superiore
1786 4253 1870 4318 syste-

236 4333 313 4392 mate,
330 4325 386 4379 sire
403 4333 474 4380 secta
492 4324 579 4393 solari,
598 4322 806 4380 constellationes
819 4325 925 4380 Saturni
946 4343 1005 4379 eum
1019 4325 1086 4391 lcrc,
1106 4326 1203 4403 quippe
1221 4326 1265 4401 qui
1284 4326 1433 4381 consonanti
1450 4324 1587 4381 interuallo
1604 4329 1737 4384 coniuncti
1755 4331 1824 4387 inter
1840 4351 1871 4387 se

236 4410 300 4477 sint,
322 4407 414 4465 felices
437 4429 494 4465 esse
516 4409 650 4474 dicuntur,
675 4419 762 4465 contra
781 4409 887 4466 Saturni
905 4429 964 4466 eum
982 4406 1057 4476 sole,
1070 4430 1149 4484 quum
1169 4410 1327 4466 dissonantia
1346 4409 1549 4467 disdiatessaron
1567 4413 1635 4467 iuter
1652 4433 1681 4467 se
1700 4412 1810 4484 distent,
1828 4417 1869 4472 in·

236 4493 335 4563 lelicca,
353 4497 470 4573 exeeptis
487 4496 532 4563 iis,
556 4515 621 4572 quae
638 4500 757 4567 τρίγονοι
774 4505 848 4559 sunt,
865 4497 882 4551 i.
901 4514 925 4549 e.
944 4491 1036 4569 angulo
1055 4497 1106 4549 120
1122 4495 1248 4570 maslaum
1268 4493 1403 4550 distentae.
1439 4494 1544 4552 Deinde
1567 4496 1659 4553 eadem
1681 4498 1869 4576 praedicantur

237 4578 271 4636 de
288 4582 411 4655 gravioris
428 4582 576 4652 systematis
595 4583 649 4635 sive
669 4581 765 4637 lunaris
783 4591 870 4637 sectae
887 4579 985 4646 stellis,
1002 4598 1079 4655 quem
1094 4578 1180 4636 lucum
1198 4590 1243 4636 aut
1259 4582 1338 4635 nimiu
1357 4580 1483 4637 brevitate
1503 4593 1547 4637 aut
1563 4584 1728 4661 corruptions
1748 4584 1868 4642 laborau-

236 4675 289 4722 tem
308 4667 340 4721 iis
358 4666 457 4734 verbis,
481 4685 548 4743 quae
566 4664 679 4743 paruulis
697 4665 791 4722 litteris
815 4664 920 4734 addidi,
945 4674 989 4721 aut
1011 4663 1145 4742 explicare
1163 4676 1208 4721 aut
1224 4665 1363 4722 emendare
1380 4664 1475 4722 studui.
1516 4666 1637 4745 Denique
1655 4670 1864 4728 constellationes

238 4749 406 4825 malignorum
425 4751 534 4807 deorum
553 4770 611 4806 cnm
630 4750 729 4807 alienae
746 4760 835 4808 sectae
853 4763 879 4807 et
895 4751 993 4808 lumine
1012 4761 1038 4806 et
1056 4750 1165 4826 benignu
1183 4749 1258 4806 stella
1277 4772 1367 4808 omues
1385 4752 1502 4808 inlelices
1520 4771 1577 4809 esse
1600 4753 1728 4811 dicuutur.
1853 4818 1858 4825 ‚

304 4839 346 4892 et.
381 4839 531 4890 Συστίλλειν
549 4833 599 4891 hoc
617 4834 674 4892 luco
692 4847 732 4892 est
750 4835 926 4893 contrahendo
944 4855 1113 4914 componere,
1139 4845 1165 4890 et
1181 4832 1214 4886 τά
1231 4835 1358 4909 βαρύτατα
1376 4847 1402 4892 ct
1419 4835 1452 4889 τά
1470 4832 1578 4897 ὀξύτατα
1595 4849 1656 4896 sunt
1672 4842 1822 4915 gravissimi
1838 4852 1865 4897 et

238 4923 380 4978 acutissimi
402 4923 459 4978 suni
482 4923 560 4980 totius
583 4921 733 4997 quindecim
756 4922 892 4979 modorum
914 4923 1078 4996 systematis.
1100 4922 1144 4998 qui
1165 4931 1272 4999 propter
1288 4923 1395 4979 nimiam
1412 4924 1565 5000 gravitatem
1583 4933 1610 4980 et
1627 4925 1735 4983 nimium
1754 4946 1864 4984 acumen
