4236 5580
1006 344 1157 472 -το-

263 553 438 622 ἀσύνθετα
459 549 595 635 τετάρτη
616 549 661 632 δὲ,
683 546 762 617 καθ’
786 549 827 630 ἢν
848 554 940 636 γένει·
961 554 1101 636 πέμπτη,
1129 547 1209 617 καθ’
1233 547 1275 631 ἢν
1302 545 1345 615 τὰ
1370 554 1428 634 μέν
1450 554 1518 614 ἐστι
1538 545 1632 638 ῥητοὶ,
1654 543 1696 615 τό
1719 547 1756 612 δὲ
1776 544 1891 630 ἄλογα.

262 659 313 725 59.
340 657 413 723 Τῶν
434 649 619 746 συμφώνων
639 649 869 739 διαστημάτων
890 649 972 721 ὀκνῶ
994 652 1107 736 ὄντων,
1129 649 1184 740 ἀφ’
1210 645 1256 718 ῶν
1277 652 1374 736 τριῶν
1394 652 1581 738 ἐλαχίστων,
1604 649 1642 718 τὸ
1663 650 1723 737 μὲν
1745 644 1801 714 διὰ
1824 669 1893 715 reo·

265 960 299 1016 ῶν
315 960 393 1030 λόγον
410 963 478 1015 ἐστίν
493 962 574 1013 εἰπεῖν
592 964 656 1013 οἷον·
674 957 752 1029 λόγον
769 964 798 1015 δέ
812 982 880 1031 φημι
895 957 942 1029 την
959 959 1022 1033 πρός
1040 955 1136 1028 ἄλληλα
1151 953 1205 1014 κατ’
1223 954 1339 1032 ιῖριθμόν
1356 964 1448 1026 σχίσιν·
1467 969 1556 1016 eontra
1570 956 1739 1023 irrationalia,
1757 952 1793 1007 ais
1811 947 1891 1016 sidric

264 1043 328 1119 πρός
344 1040 441 1114 ἄλληλα
457 1041 532 1113 λόγος
548 1040 694 1117 εὑρίσκεται·
711 1046 760 1099 τοῦ
774 1050 821 1117 μὲν
837 1038 883 1098 οὗν
899 1041 944 1099 deri
958 1044 1087 1118 τεσσάρων
1102 1043 1179 1114 λόγος
1195 1049 1263 1099 ἐστὶν
1275 1049 1399 1116 ίπίτριτος
1416 1045 1444 1110 (i.
1456 1063 1480 1099 e.
1497 1046 1516 1098 3
1533 1062 1540 1098 :
1558 1045 1591 1113 d)
1608 1055 1636 1101 et
1652 1055 1701 1101 cet
1730 1039 1805 1099 iisse
1817 1041 1890 1114 igitur

265 1143 392 1208 utsupra
415 1149 473 1206 pag.
491 1133 524 1188 ot
546 1132 694 1208 expositum
715 1141 767 1199 eat,
790 1129 1088 1206 Pythagoraeorum
1111 1141 1154 1195 est
1174 1132 1252 1196 ratio,
1276 1130 1370 1207 quibus
1390 1129 1646 1187 Aristoxeniana
1664 1131 1722 1185 sira
1747 1123 1890 1203 aequabilis

264 1225 455 1296 temperaturae
476 1215 612 1272 intervalla
634 1217 720 1274 omnia
742 1225 803 1273 suut
819 1214 991 1277 irrationalia,
1017 1216 1090 1274 salut
1106 1215 1336 1273 Aristoxenianum
1357 1212 1523 1272 intervallum
1541 1212 1714 1281 diatessaron,
1736 1209 1810 1289 quod
1827 1209 1889 1266 hanc

263 1335 344 1393 habet
360 1336 487 1391 rationem
505 1336 522 1388 l
539 1348 547 1382 τ
564 1302 643 1402 (ilai-
677 1333 766 1412 Atque
783 1333 1003 1391 Aristoxenus
1019 1353 1148 1411 nmquam
1165 1332 1272 1409 quidem
1289 1334 1407 1413 exponit,
1424 1331 1488 1412 quid
1505 1334 1540 1390 sit
1556 1328 1713 1398 irrationale,
1732 1328 1797 1408 quid
1815 1329 1887 1385 ratio·

262 1419 321 1478 nale
340 1417 521 1487 intervallum,
542 1417 590 1474 sed
612 1427 721 1496 apparet
742 1417 886 1476 seeundum
910 1420 966 1476 eius
989 1421 1115 1476 rationem
1138 1440 1168 1475 ea
1192 1439 1252 1476 esse
1272 1418 1442 1488 irrationalia,
1468 1437 1535 1496 quae
1553 1415 1587 1472 ad
1605 1417 1887 1473 Aristoxeuianum

261 1517 351 1564 tonum
372 1505 403 1571 (i.
421 1522 445 1561 e.
462 1512 564 1560 uxum
586 1503 718 1560 intervalli
740 1502 864 1583 diapason
886 1504 1001 1582 partem)
1024 1503 1187 1563 irrationales
1204 1514 1277 1568 suut,
1299 1505 1374 1560 cuius
1395 1508 1498 1579 generis
1515 1501 1739 1577 Pythagoran
1757 1497 1887 1558 intervalla

262 1600 322 1648 suut
338 1589 433 1657 omnia,
450 1585 523 1644 velut
539 1598 614 1646 tonus
631 1607 728 1657 eorum,
746 1591 790 1667 qui
808 1589 984 1666 magnitudine
1001 1609 1052 1645 non
1071 1587 1300 1647 commensurabili
1317 1589 1400 1644 maior
1416 1599 1458 1644 est
1475 1588 1745 1645 Aristoxeniano.

331 1675 373 1731 59.
407 1670 581 1730 Consonautia
602 1672 737 1730 intervalla
760 1675 892 1731 veteribus
912 1685 973 1732 snut
994 1673 1168 1744 diatessaron,
1191 1672 1326 1751 diapente,
1354 1674 1491 1751 diapason,
1517 1683 1544 1728 rt
1565 1691 1734 1751 quaecunque
1755 1669 1886 1727 intervallo

264 1760 389 1835 diapason
407 1757 449 1814 iris
466 1757 551 1813 semel
568 1757 611 1814 rel
633 1761 738 1837 saepius
761 1758 850 1816 addito
873 1760 971 1816 maiora
988 1759 1146 1816 efficiuntur.
1180 1757 1235 1815 Cir.
1256 1759 1474 1816 Aristoxenus
1498 1776 1555 1835 pag.
1577 1760 1624 1813 45:
1646 1758 1758 1828 Πρῶτον
1780 1762 1828 1826 μὲν
1848 1747 1887 1808 οὗν

263 1849 376 1912 λεκτέον,
399 1840 439 1896 ὅτι
459 1839 524 1913 πρός
544 1842 581 1909 τῷ
600 1840 644 1895 ded
664 1845 753 1897 πασῶν
775 1845 827 1897 πᾶν
844 1842 981 1916 σύμφωνον
996 1850 1195 1918 προςτιθίμτνον
1212 1842 1342 1915 διάστημα
1357 1840 1388 1896 τό
1405 1841 1539 1912 γινόμενον
1555 1847 1580 1901 ἐξ
1597 1834 1680 1893 αῶτῶν
1695 1847 1810 1911 μέγεθος
1826 1837 1887 1908 σῶμ-

264 1949 349 2002 φνινον
366 1935 447 1994 ποιοῖ,
465 1932 493 1982 et
513 1924 738 1996 Ptolemaeus,
754 1926 817 1985 libr·
836 1932 865 2001 l,
884 1949 940 2008 cop.
957 1931 986 1986 d:
1011 1928 1144 1983 Καθόλου
1161 1926 1210 2002 γόρ
1226 1926 1243 1999 ἡ
1262 1927 1305 1983 διὰ
1321 1929 1409 1982 πασῶν
1426 1933 1570 1999 συμφωνία,
1586 1927 1636 1978 τῶν
1653 1923 1797 1978 ποιούντων
1815 1920 1888 1990 oderit

264 2011 390 2085 φθόγγων
412 2005 621 2082 ῶδιαφοροὺννων
642 2009 705 2066 κατὰ
726 2010 773 2081 τὴν
795 2011 903 2085 δύναμιν
926 2011 980 2074 ἑνός
1002 2011 1133 2085 φθόγγον,
1156 2010 1219 2066 ὅταν
1241 2015 1383 2087 προςαφθῇ
1404 2034 1454 2066 τινι
1473 2013 1524 2064 τῶν
1541 2007 1632 2078 ἄλλων,
1652 2003 1847 2081 ἀπαράτρεπτον
1861 2004 1888 2060 τό

264 2104 357 2166 ἐκείνης
374 2099 441 2156 aldor
457 2103 536 2166 τηρεῖ·
553 2095 672 2169 καθάπερ
688 2093 705 2165 ἡ
723 2095 795 2159 δεκὰς
812 2102 870 2170 igar,
888 2105 946 2171 φίρε
962 2085 1051 2164 εἰπεῖν,
1069 2096 1134 2170 πρός
1149 2096 1211 2159 τούς
1229 2093 1272 2152 ὑπ’
1290 2093 1370 2166 αὐτην
1388 2091 1526 2169 ῶριθμοός.
1554 2094 1649 2172 Neque
1666 2094 1756 2171 plures
1775 2093 1817 2150 his
1834 2112 1889 2149 coo·

264 2181 396 2236 sonantius
420 2189 524 2236 veteres
545 2192 700 2256 agnoscunt,
723 2184 750 2239 in
774 2202 805 2240 eo
826 2185 990 2262 potissimum
1012 2205 1026 2240 a
1050 2194 1137 2240 nostra
1159 2185 1258 2239 ratione
1279 2182 1447 2249 dissidentes,
1469 2178 1540 2258 quod
1562 2199 1646 2256 neque
1665 2181 1791 2236 maiorem
1809 2197 1891 2256 neque

264 2267 392 2321 minorem
414 2266 517 2321 tertiam
542 2267 658 2332 (δίτονον
674 2276 702 2322 et
717 2267 904 2339 τριημιτόνιον)
929 2289 1013 2347 neque
1030 2279 1132 2334 sextas.
1156 2287 1223 2345 quae
1240 2268 1317 2324 nobis
1335 2269 1500 2324 consonantia
1519 2264 1654 2321 interualla
1672 2275 1746 2333 sunt,
1764 2267 1797 2321 iis
1816 2263 1892 2320 aduu-

265 2357 373 2405 merant.
407 2346 486 2405 Solus
503 2351 572 2407 enim
590 2350 814 2422 Gaudentius,
831 2373 882 2411 nuo
900 2352 972 2420 loco,
988 2372 1045 2432 pag.
1064 2356 1110 2421 11,
1132 2351 1249 2410 ditonum
1267 2373 1317 2410 una
1335 2373 1395 2409 oum
1411 2354 1507 2408 tritono
1525 2351 1700 2408 consonantiis
1718 2369 1770 2407 nou
1788 2349 1892 2428 quidem

266 2431 352 2500 addit,
374 2430 422 2487 sed
443 2432 557 2491 similem
579 2453 640 2512 pase
661 2435 806 2506 contendit,
828 2439 931 2495 diceus:
957 2435 1108 2510 παρῶφιινοι
1130 2440 1157 2491 dl
1180 2442 1207 2491 oi
1228 2443 1304 2509 μίσοι
1324 2443 1371 2509 μὲν
1393 2434 1532 2509 συμφώνου
1553 2439 1597 2489 καὶ
1618 2434 1759 2506 διαφῶνον,
1777 2441 1803 2489 la
1821 2439 1848 2489 di
1862 2436 1893 2507 τῇ

265 2515 366 2591 κρούσει
375 2515 526 2588 φαινόμενοι
535 2516 678 2590 σύμφωνοι,
696 2516 775 2592 ῶςπτρ
786 2526 828 2575 irai
843 2524 918 2594 τριῶν
934 2520 1015 2574 τόνων
1025 2528 1150 2593 φαίνεται,
1168 2516 1220 2575 rimi
1237 2521 1387 2594 παρακοίτης
1403 2529 1486 2594 μέσων
1504 2525 1545 2575 lari
1562 2527 1722 2592 παραμέσην,
1739 2524 1833 2573 aoilrrl
1846 2518 1894 2573 dria

264 2599 352 2669 τόνον,
372 2595 423 2655 dud
440 2608 524 2673 patum
541 2601 662 2657 διατόνου
678 2608 720 2658 ἐπὶ
737 2613 894 2678 παραμέσην
917 2626 995 2683 quem
1012 2604 1101 2663 locum
1119 2608 1261 2684 exscripsit
1278 2605 1404 2676 llanuel
1422 2607 1612 2679 Bryennios
1630 2625 1687 2684 pag.
1704 2605 1758 2661 sto.
1793 2604 1892 2660 Contra

265 2685 496 2762 Pythagoraei,
519 2707 600 2765 quum
618 2692 813 2748 consonantium
829 2691 1024 2749 intervallorum
1047 2693 1160 2747 rationes
1183 2702 1228 2748 aut
1249 2690 1407 2770 multiplices
1431 2694 1662 2758 (πολλαπλασίους)
1676 2699 1717 2746 ant
1732 2690 1890 2764 superparti-

265 2769 367 2829 culares
385 2775 557 2844 (οτιμορίοτιι)
574 2771 672 2831 debere
690 2794 749 2832 esse
768 2777 963 2845 contenderent,
980 2774 1146 2834 intervallum
1164 2785 1271 2833 octavae
1289 2796 1348 2833 euru
1367 2786 1466 2853 quarta,
1482 2777 1557 2832 cuins
1581 2777 1648 2832 ratio
1670 2775 1742 2831 ses
1763 2792 1824 2829 sanc
1847 2781 1892 2828 est

264 2859 458 2936 toptfptrtleos
476 2855 633 2930 (ίπψερότ),
649 2870 677 2916 et
692 2881 862 2940 quaecunque
879 2861 926 2919 illo
943 2882 993 2919 aua
1011 2861 1054 2918 vel
1070 2860 1190 2940 pluribus
1207 2863 1307 2918 octaris
1323 2863 1420 2918 rnaiora
1438 2871 1507 2928 sunt,
1525 2881 1559 2917 rx
1576 2881 1666 2918 eorum
1685 2877 1790 2916 numero
1807 2859 1893 2915 eiece-

265 2951 331 3000 runt
367 2941 454 3017 Qnam
470 2945 624 3000 sententiam
642 2943 764 3003 refutavit
785 2945 998 3005 Ptolemaeus
1016 2946 1076 3004 libr.
1089 2949 1111 3014 l,
1130 2967 1186 3024 cap.
1198 2948 1224 3000 t.
1254 2945 1346 3025 ltaque
1360 2947 1425 3004 iutra
1441 2947 1516 3002 unius
1529 2946 1637 3023 quidem
1650 2955 1757 3002 octavae
1769 2944 1898 3001 ambitum

266 3027 359 3083 eadem
376 3029 424 3083 tria
443 3046 554 3083 consona
571 3029 707 3087 intervalla
725 3031 759 3087 ab
776 3034 898 3091 omuibus
915 3043 1099 3109 agnoscuntur,
1120 3032 1279 3088 diatessaron
1298 3043 1324 3087 et
1342 3032 1464 3107 diapente
1482 3040 1509 3085 et
1526 3033 1664 3107 diapason,
1684 3040 1777 3086 sumta
1794 3031 1828 3085 ab
1847 3030 1900 3086 boc

265 3114 392 3188 scriptore
415 3116 473 3183 τρία
495 3107 615 3176 ἐλάχιστα
638 3112 761 3184 σύμφωνα
782 3116 953 3188 διαστήματα.
988 3119 1018 3174 ln
1038 3118 1180 3173 maioribus
1196 3137 1259 3173 vero
1276 3117 1369 3195 spatiis
1386 3136 1437 3172 nou
1461 3120 1625 3172 consentiunt
1643 3116 1814 3191 Pythagorari
1838 3137 1901 3174 com

267 3197 362 3254 ceteris
379 3195 413 3250 de
431 3213 538 3251 numero
556 3201 792 3264 consonantiarum,
809 3211 838 3257 ut
855 3222 888 3258 ox
904 3200 954 3258 hae
972 3202 1039 3257 serie
1056 3220 1179 3258 sonorum
1196 3200 1360 3277 intelligitur,
1377 3201 1422 3258 ubi
1438 3200 1611 3277 longitudines
1629 3201 1788 3259 chordarum
1806 3220 1901 3278 super·

266 3281 372 3358 seriptis
390 3280 484 3354 cuique
501 3299 566 3336 sono
583 3284 698 3338 numeris
716 3282 875 3340 indicantur:

266 3380 375 3440 Numeri
393 3382 616 3438 consonantiarum

266 3449 409 3509 secundum
428 3448 631 3524 Pythagoraros:

268 3535 454 3612 longitudines
471 3533 641 3592 chordarum:

266 3637 456 3696 Consonantiae
473 3637 539 3693 intra

266 3706 391 3763 ambitum
409 3707 557 3782 systematis

265 3774 414 3852 quindecim
431 3775 581 3834 modorum:

737 3841 787 3935 *a

1143 4285 1171 4371 διὰ
1144 4004 1181 4263 τεσσάρων

732 4293 761 4439 Prosl
744 4260 761 4286 a
733 4010 761 4253 mb-nom
753 3989 760 4003 -

767 4035 807 4372 Hypodon-fla-

841 4354 870 4442 διὰ
842 4063 879 4322 τεσσάρων

1041 4349 1070 4440 διὰ
1044 4139 1071 4317 naon-'ir

1109 4353 1137 4441 διὰ
1112 4139 1137 4321 “modu-r
1112 4020 1137 4107 καὶ

942 4350 971 4439 διὰ
946 4173 971 4318 πέντε

267 4449 377 4508 Numeri
394 4451 616 4507 consonantiarum

266 4518 412 4578 secuudum
430 4529 545 4576 ceteros:
856 4517 870 4570 1
956 4517 974 4570 2
1051 4516 1069 4571 3
1141 4517 1158 4570 4
1259 4517 1277 4571 5

267 4620 374 4699 ltaque,
397 4640 477 4698 quum
498 4625 524 4677 in
548 4619 599 4676 hoc
620 4619 749 4696 scriptore
775 4615 877 4673 nonde
896 4616 1130 4692 pythagoraeorum
1148 4616 1196 4673 sed
1215 4616 1248 4672 de
1266 4628 1411 4675 ceterorum
1428 4639 1476 4675 usu
1494 4631 1596 4694 agatur,
1619 4622 1646 4677 in
1668 4619 1768 4695 vulgari
1786 4619 1901 4677 duarum

267 4717 416 4764 octanrum
433 4716 574 4780 systemate
591 4723 639 4761 sex
656 4714 716 4761 sunt
733 4704 924 4771 consonantiae,
945 4701 1077 4760 utdoceut
1093 4702 1260 4760 Bacchius
1277 4706 1368 4781 pag.³,
1387 4703 1543 4763 Euclides
1560 4725 1620 4786 pag.
1632 4709 1674 4770 1³,
1691 4716 1718 4762 et
1730 4705 1774 4761 irio
1782 4707 1901 4784 scriptor

267 4800 333 4848 sect.
351 4793 398 4860 743
416 4810 509 4848 novem
526 4809 590 4847 vero
607 4791 633 4845 iu
651 4799 705 4844 toto
722 4789 836 4844 omnium
855 4786 990 4845 modorum
1008 4799 1158 4862 systemate,
1176 4789 1233 4844 sive
1247 4788 1396 4864 quindecim
1411 4790 1571 4848 orodoseum
1585 4791 1775 4848 recentioribus
1789 4801 1901 4861 statuas,

209 4900 210 4905 ¹
268 4874 337 4932 unda
360 4875 474 4933 ambitus
497 4878 575 4934 trium
598 4884 747 4931 octavarum
768 4873 892 4929 etunius
914 4875 967 4930 toni
990 4874 1117 4938 efficitur,
1143 4874 1199 4929 sire
1227 4892 1287 4929 cum
1310 4874 1510 4931 Aristoxeno
1537 4885 1564 4932 et
1585 4874 1726 4935 Euclide
1753 4875 1901 4946 tredecim,

268 4960 346 5019 trium
368 4970 519 5021 sconsum
540 4961 654 5041 spatium
676 4954 935 5037 comprehendentes.
974 4956 1062 5032 Quare
1086 4956 1267 5016 difficultatem
1288 4957 1401 5038 aliquam
1418 4972 1506 5020 moret
1522 4971 1583 5020 octo
1600 4962 1798 5021 comoaantinrn
1815 4965 1900 5021 intar-
