4236 5580
1042 319 1096 407 73

247 519 357 605 σάρων
379 523 550 608 διαιρεῖται
572 528 616 599 τίς
636 518 791 607 σχήματα
812 525 900 607 τρία,
927 519 965 589 τό
994 524 1028 589 δὲ
1057 522 1111 588 διὰ
1138 528 1230 589 πέντε
1253 528 1296 600 τίς
1316 528 1470 609 τέσσαρα,
1501 519 1539 587 τὸ
1563 525 1598 589 δὲ
1620 522 1675 589 διὰ
1696 523 1810 592 πασῶν
1831 531 1876 603 τίς

246 622 338 689 ἑπτά.
381 627 433 689 60.
456 625 541 707 [Τοῦ
561 625 595 689 δὲ
617 625 692 706 τῶν]
721 623 954 693 continentiori
974 625 1138 712 τεσσάρων
1159 622 1373 711 σχημάτ[α]ων
1394 625 1525 708 πρῶτον
1545 628 1612 708 μὲν,
1634 618 1673 692 οὗ
1694 622 1731 693 τὸ
1752 628 1877 693 πνιτνόν

247 732 299 792 ἐπὶ
325 725 363 792 τὸ
391 723 477 812 βαρὺ
501 722 565 791 άπὸ
596 723 720 806 ὑπάτης
740 731 846 808 μέσων
868 733 952 795 ἐστίν
974 733 1024 795 ἐπὶ
1044 733 1154 814 μέσην·
1177 725 1328 811 δεύτερον
1350 728 1397 805 δὲ,
1417 719 1459 792 οὗ
1480 731 1516 791 nt
1538 728 1649 806 διέσεις
1672 726 1720 814 ἐφ’
1743 726 1877 814 innitens

246 829 308 894 τοῦ
322 827 502 912 δι[α]τόνον
519 824 586 893 ἀπὸ
605 826 798 914 παρνπάτης
809 833 913 912 μίσων
928 833 978 896 ἐπὶ
995 834 1106 912 τρίτην
1116 836 1334 915 συνημμένων·
1355 831 1467 914 τρίτον
1479 831 1523 912 δὲ,
1547 821 1586 895 οὗ
1604 831 1743 915 [πρῶτον
1755 826 1793 911 τὸ
1803 829 1877 914 ἡμι·

246 928 358 998 τόνιον
373 926 395 1011 ri
408 923 529 1011 τέλοςῆ
543 935 651 1014 μέσον·
673 932 760 996 ἐστίν
781 922 852 1013 οὖν]
877 926 914 996 τὸ
936 928 1060 998 πυκνὸν
1083 936 1136 998 ίπί
1157 930 1194 999 τὸ
1218 929 1287 1013 ὀξι),
1311 929 1376 997 άπὸ
1400 933 1537 1017 λιχανοῦ
1558 936 1722 1016 neopum„
1742 938 1877 1017 ἐναρμο-

245 1037 391 1108 ariovisti
416 1030 611 1121 παρανήτην
636 1035 903 1117 σννημμίν[ον]ων
929 1032 1133 1123 ἐναρμόνιον·
1176 1038 1226 1100 61.
1255 1035 1327 1101 Τῶν
1354 1035 1389 1099 δὲ
1413 1034 1474 1100 τοῦ
1503 1029 1558 1099 διὰ
1586 1041 1677 1100 πέντε
1705 1031 1878 1120 σχημάτων

246 1137 375 1219 πρῶτον
400 1142 459 1222 μέν
485 1143 581 1214 ἐστιν,
608 1124 648 1201 οὗ
675 1135 803 1222 πρῶτος
829 1133 847 1201 ὁ
873 1133 970 1213 τόνος
996 1140 1047 1203 ἐπὶ
1073 1133 1111 1202 τὸ
1133 1133 1201 1219 ὀξὺ,
1233 1132 1298 1202 ἀπὸ
1322 1133 1448 1215 ὑπάτης
1473 1142 1577 1222 μίσων
1600 1140 1650 1202 ἐπὶ
1671 1142 1875 1225 παραμέσην·

246 1235 395 1324 δεύτερον
415 1241 460 1319 δὲ,
490 1227 528 1304 οὗ
549 1232 700 1326 δεύτερος
720 1236 738 1304 ὁ
761 1234 858 1316 τόνος
880 1242 929 1306 ἐπὶ
951 1235 989 1306 τὸ
1011 1235 1080 1322 ὀξίι,
1102 1234 1168 1306 ἀπὸ
1191 1237 1385 1335 παρνπάτης
1405 1244 1511 1324 μέσων
1533 1244 1584 1306 ἐπὶ
1607 1245 1720 1323 τρίτην
1743 1239 1878 1323 decisor-

265 1417 271 1437 ,
311 1374 354 1427 60.
373 1371 505 1443 σχήματος
521 1372 621 1444 πρῶτον
638 1372 669 1427 Β.
688 1399 720 1414 -
739 1375 807 1426 tortu
822 1383 885 1444 post
901 1379 985 1443 μίσιιν
1001 1380 1075 1431 deest
1093 1378 1121 1429 in
1139 1379 1212 1430 codd.
1231 1377 1264 1430 Ν.
1281 1384 1307 1429 et
1319 1376 1352 1428 P.
1371 1404 1404 1415 -
1423 1369 1454 1425 oi·
1469 1379 1497 1427 αί
1512 1377 1619 1434 διοίσεις
1632 1394 1659 1446 p.
1678 1403 1710 1415 —
1729 1378 1770 1426 int
1789 1377 1874 1445 τρίτης

245 1465 413 1528 σννημμίμων
429 1478 456 1530 p.
474 1488 506 1497 -
524 1458 566 1513 61.
584 1454 697 1529 δεύτερος
715 1452 730 1509 6
747 1455 823 1518 τόνος
840 1454 854 1510 ό
872 1456 947 1520 τόνος
964 1462 1006 1513 ἐπί
1022 1457 1052 1512 τὸ
1071 1454 1115 1520 diri
1133 1464 1189 1516 cod.
1208 1480 1233 1512 π.
1254 1487 1287 1499 -
1307 1452 1359 1527 diti,
1378 1462 1419 1513 tnt
1436 1457 1587 1532 παραστάτης
1606 1463 1640 1516 Ν.

243 1652 444 1661 —-—

243 1777 370 1835 vallorum
393 1800 529 1848 numerus,
549 1801 627 1859 quem
645 1781 722 1839 lanius
740 1783 889 1861 scriptionis
906 1794 996 1839 auctor
1013 1787 1103 1839 statuit
1120 1803 1180 1839 cnm
1200 1785 1409 1850 Aristoxeno,
1429 1800 1488 1859 pag.
1505 1784 1554 1836 45:
1574 1787 1635 1834 toro
1654 1787 1681 1835 ot
1698 1784 1748 1834 τῶν
1766 1780 1873 1852 σομφά-

242 1883 292 1915 νων
310 1859 502 1936 όντωμεγίθη,
521 1877 625 1924 etcum
643 1866 797 1935 Euclide,
815 1887 873 1965 pag.
892 1869 937 1922 13·
964 1863 978 1918 ὃ
1001 1869 1027 1920 dl
1048 1890 1093 1936 της
1115 1870 1199 1938 φωνῆς
1220 1866 1300 1927 τόπος
1322 1863 1422 1927 arrienos
1444 1873 1518 1936 μίχρι
1540 1887 1588 1918 τοι
1612 1859 1708 1932 ὄμδόου
1727 1865 1873 1936 συμφώνου,

242 1943 367 2020 arreptori
386 1948 441 2022 [dic
458 1949 501 2005 deri
519 1953 608 2005 πασῶν
625 1956 667 2004 sui
685 1948 728 2003 δια
744 1951 873 2021 τεσσάρων
892 1949 950 2039 xpi]
970 1955 1009 2011 dir
1025 1951 1069 2005 διὰ
1085 1955 1173 2005 πασιῦν
1192 1957 1234 2005 καί
1252 1949 1295 2005 διὰ
1312 1958 1393 2019 πέντε,
1411 1951 1456 2008 uhi
1475 1949 1553 2005 sorba
1573 1951 1648 2004 uncis
1666 1950 1764 2005 inclusa
1784 1971 1873 2028 supet·-

242 2050 354 2089 vacanea
376 2044 450 2100 σοιτίς
471 2035 518 2092 cir.
542 2035 743 2115 Porphyrius
764 2036 797 2092 ad
817 2022 1037 2093 Ptolemaeum
1059 2057 1117 2115 pag.
1136 2041 1199 2092 att).
1229 2039 1287 2090 Τῶν
1308 2040 1335 2090 δὲ
1358 2037 1517 2107 συμφωνιῶν,
1541 2037 1563 2092 ί,
1585 2029 1874 2105 τὸιτίριθμίνοίσιῖι,

242 2113 273 2177 ric
293 2116 375 2188 μόνας
396 2115 411 2169 ό
430 2123 595 2190 Πτολεμαῖος
617 2125 808 2191 νατηρίθμησε,
828 2125 916 2191 παρείς
937 2119 984 2181 scic
1000 2122 1099 2189 λοιπάς,
1118 2119 1304 2194 (Αριστόέενος
1320 2122 1370 2193 γάρ
1386 2127 1428 2173 καὶ
1446 2116 1600 2181 Διονύσιος,
1621 2122 1664 2170 snt
1681 2114 1875 2190 Ἐρατοσθένης,

239 2207 282 2255 καί
295 2197 551 2256 sustantionensi
567 2209 785 2276 κατηρίθμησαν·)
803 2203 885 2266 ἁπλᾶς
900 2211 947 2276 μίν
963 2206 1068 2260 tutilone
1086 2213 1112 2260 ot
1129 2211 1236 2260 παλαιοὶ
1252 2228 1300 2274 την
1316 2226 1342 2259 τε
1360 2205 1404 2259 dui
1421 2203 1549 2274 τεσσάρων
1565 2208 1607 2254 καί
1625 2202 1667 2254 δια
1684 2211 1764 2269 πεντε,
1782 2209 1875 2256 σννθί·

239 2307 300 2346 τους
318 2290 344 2339 δὲ
360 2285 406 2344 seir
423 2288 522 2354 torneie,
539 2299 565 2342 et
575 2298 625 2342 eet.
661 2288 727 2346 Nam
745 2288 867 2347 ridentur
884 2291 991 2368 quidem
1010 2291 1043 2346 de
1056 2291 1236 2367 singulorum
1230 2301 1464 2357 instrumentorum,
1483 2288 1525 2344 vel
1535 2287 1693 2362 singularum
1705 2289 1875 2344 humanarum

240 2392 335 2429 vocum
358 2372 457 2429 ambito
480 2370 519 2428 illi
542 2375 684 2447 cogitasse,
706 2372 768 2441 sed,
790 2385 818 2432 ut
840 2374 874 2431 de
896 2379 1075 2433 instrumentis
1099 2376 1215 2434 difficilis
1232 2378 1266 2432 sit
1283 2378 1415 2452 quaestio,
1437 2384 1508 2431 certe
1526 2372 1560 2428 de
1578 2372 1688 2429 humana
1706 2394 1771 2431 voce
1789 2393 1874 2450 neque

238 2468 313 2514 recte
335 2477 419 2532 neque
443 2458 628 2515 convenienter
651 2469 798 2515 ceterorum
818 2463 974 2537 scriptorum
998 2464 1167 2536 testimoniis,
1197 2472 1323 2540 utsupra
1348 2462 1473 2517 monitum
1497 2468 1537 2515 est
1565 2478 1623 2535 pag.
1646 2462 1678 2514 11
1702 2470 1728 2515 et
1750 2477 1808 2538 pag.
1832 2461 1874 2514 13.

238 2543 337 2602 Contra
355 2544 434 2598 totius
449 2545 600 2615 systematis
617 2543 731 2600 ambitus
748 2564 834 2621 nequo
852 2546 982 2603 Euclidi
1000 2567 1083 2625 neque
1103 2547 1305 2603 Aristoxeno
1322 2545 1489 2603 intervallum
1508 2543 1678 2623 disdiapason
1701 2554 1728 2599 et
1750 2542 1872 2622 diapente

239 2625 487 2707 comprehendebat.
522 2626 682 2685 Euclides
699 2630 784 2694 euim,
802 2650 881 2707 quoru
899 2642 1014 2707 systema
1032 2630 1159 2688 tredecim
1178 2631 1314 2688 modorum
1331 2631 1407 2687 binas
1426 2640 1532 2684 octavas
1550 2630 1736 2685 continentium
1756 2628 1873 2691 haberet,

238 2716 316 2771 trium
334 2723 483 2770 octavarum
501 2712 628 2769 ambitum
646 2734 705 2770 cum
724 2735 817 2770 nonem
837 2720 1011 2773 consonantiis
1029 2717 1144 2772 debehat
1161 2727 1289 2781 statuetur
1316 2717 1534 2771 Aristoxenus
1552 2723 1638 2768 autern
1656 2722 1699 2768 aut
1717 2713 1787 2767 idem
1806 2710 1872 2768 illud

237 2802 360 2880 spatium,
377 2810 421 2854 ant
439 2796 547 2854 duarum
566 2809 716 2854 octavarum
736 2801 861 2856 ambitum
880 2822 939 2858 cnm
958 2823 1016 2866 sex,
1034 2812 1078 2858 snt
1096 2802 1204 2857 duarum
1223 2811 1249 2856 et
1267 2809 1374 2877 quartae
1393 2818 1451 2854 cum
1469 2809 1570 2875 septem
1590 2799 1769 2852 consonantiis
1805 2796 1872 2853 Eum

238 2887 317 2952 euim,
335 2904 414 2961 quom
434 2902 561 2959 nusquam
580 2885 730 2954 systematis
751 2884 860 2941 duarum
877 2896 1027 2943 octavarum
1045 2887 1202 2942 mentionem
1224 2886 1309 2950 iaciat,
1330 2902 1415 2959 neque
1433 2880 1483 2938 alis
1502 2902 1623 2938 sonorum
1639 2879 1873 2959 nominaproierat,

238 2990 317 3049 ροισι
336 2965 652 3047 quaeAristoteles
644 2987 671 3023 ra
688 2967 872 3046 problematis,
895 2970 1022 3049 hypaten,
1039 2982 1196 3049 parypaten,
1214 2969 1349 3035 lichanon,
1367 2987 1471 3026 mesen,
1464 2987 1663 3045 ‚paramesem
1686 2970 1776 3031 triten,
1798 2988 1871 3037 para·

237 3065 329 3122 neten,
346 3064 436 3118 neten,
457 3053 571 3109 minores
589 3049 675 3108 scalas
693 3053 817 3111 habuisse
835 3054 943 3113 iortasse
961 3055 1081 3131 colligas,
1099 3065 1143 3111 sut
1160 3074 1238 3110 unam
1256 3063 1373 3109 octavam
1394 3054 1569 3121 continentes,
1592 3053 1661 3109 unde
1679 3072 1726 3129 per
1743 3051 1870 3108 tredecim

237 3141 330 3197 modos
348 3136 512 3195 intervallum
531 3136 700 3215 disdiapason
718 3138 832 3195 eflicitur
848 3162 907 3198 cum
926 3161 973 3198 sex
991 3142 1178 3206 consonantiis,
1201 3150 1244 3196 ant
1263 3141 1349 3195 minus
1366 3150 1482 3213 systema
1502 3140 1608 3204 (odoror
1625 3136 1742 3206 σι’·οτημα
1760 3140 1871 3205 timor,

236 3224 326 3282 Euri.
343 3243 402 3301 pag.
420 3226 462 3277 17.
482 3220 582 3278 Gaud·
601 3242 659 3301 pag.
676 3223 719 3285 ii.)
736 3224 805 3300 qnod
824 3244 839 3279 e
858 3226 1119 3303 proslambanomeno
1137 3236 1164 3280 et
1181 3226 1265 3280 tribus
1285 3226 1428 3281 coniunctis
1452 3223 1625 3279 tetrachordis
1647 3232 1781 3286 constans,
1803 3244 1871 3294 σομ-

237 3307 328 3380 φιίνῳ,
346 3320 374 3365 ut
391 3310 427 3364 ait
444 3306 603 3363 Euclides
621 3307 639 3364 l.
656 3308 689 3376 1.,
707 3304 816 3378 ὁρίζεται
832 3313 867 3377 τι]
884 3308 927 3363 διὰ
943 3312 1032 3364 πασῶν
1049 3315 1091 3363 καί
1110 3308 1152 3362 σιὰ
1168 3308 1303 3381 τεσσάρων,
1323 3307 1405 3373 unde,
1421 3311 1443 3364 si
1462 3329 1510 3386 per
1528 3309 1654 3366 tredecim
1673 3307 1765 3363 modos
1782 3317 1872 3365 exten·

237 3395 321 3463 ditor,
344 3391 507 3450 intervallum
532 3390 640 3448 duarum
666 3403 815 3450 octamrum
833 3406 859 3451 et
877 3406 992 3472 quartae,
1013 3415 1071 3452 curo
1090 3405 1191 3471 septem
1212 3396 1386 3452 crtnsonantiis
1405 3394 1526 3450 efficitur.
1561 3396 1648 3471 Atque
1666 3394 1715 3449 lanc
1732 3413 1794 3449 sane
1813 3413 1871 3468 pro-

236 3479 314 3536 batur
331 3488 357 3533 ct
375 3479 457 3555 ipsius
475 3478 666 3533 Aristoxeni
685 3478 787 3545 verbis,
805 3482 849 3556 qui
867 3499 923 3557 pag
942 3482 960 3535 6
976 3501 1022 3532 τοι
1012 3481 1134 3533 τελείου
1153 3500 1242 3549 συστνμ
1243 3502 1314 3541 aaron
1332 3482 1490 3536 mentionem
1509 3478 1583 3545 lacit,
1601 3490 1628 3534 ct
1646 3478 1780 3534 Adrasti
1798 3479 1870 3533 testi·

236 3565 325 3621 monio
343 3561 413 3639 apud
430 3560 597 3617 Thoonem
615 3562 827 3636 Smyrnaeum
844 3585 871 3642 p.
890 3565 940 3619 98:
966 3558 1136 3634 Ἀριστόξενος
1159 3570 1205 3633 μὲν
1227 3584 1313 3631 γαρ
1294 3570 1335 3617 int
1354 3562 1383 3616 sd
1402 3567 1440 3624 dic
1458 3563 1501 3617 ded
1518 3565 1606 3617 πασῶν
1623 3568 1665 3615 καὶ
1683 3561 1725 3614 did
1742 3561 1871 3633 τεσσάρων

235 3649 266 3702 τό
283 3669 330 3700 rou
347 3640 408 3698 ναθ
427 3643 517 3699 ἑαυτὸν
534 3645 696 3719 πολυτρόπου
713 3645 905 3718 διαγράμματος
922 3654 1059 3716 πεποίηται
1075 3654 1193 3718 μέγεθος
1213 3653 1239 3699 οἱ
1256 3644 1411 3720 δίιειίτεροι
1425 3670 1456 3700 το
1448 3646 1735 3719 κεντεταιδεντιχορόο
1723 3646 1869 3718 ι[τρότιον]

236 3739 355 3804 μέγιστον
372 3736 414 3783 int
431 3729 461 3783 τὸ
477 3736 531 3802 τρὶς
548 3729 591 3785 διὰ
608 3735 695 3786 πασῶν
712 3738 754 3785 ναί
772 3731 850 3784 τόνον
866 3731 1003 3800 διεστηκός.
1042 3732 1098 3788 Sed
1120 3743 1179 3787 octo
1196 3736 1379 3789 consonantias
1397 3736 1531 3790 continens
1549 3743 1662 3807 systema
1680 3730 1779 3787 nullum
1798 3731 1869 3787 alind

235 3819 336 3898 poteris
353 3818 508 3889 excogitare,
525 3819 575 3873 nisi
592 3818 615 3872 si
632 3819 740 3874 minoris
756 3816 827 3874 illius
844 3819 1003 3892 systematis,
1022 3817 1091 3894 quod
1110 3817 1232 3873 undecim
1250 3820 1321 3874 sonis
1339 3838 1353 3873 a
1372 3818 1632 3895 proslambanomene
1648 3837 1731 3893 usqne
1746 3815 1778 3870 ad
1792 3826 1869 3871 neten

235 3921 422 3979 synemmenon
441 3901 678 3980 comprehenditur,
696 3902 846 3981 quindecim
863 3900 957 3958 modos
973 3911 1084 3968 τίιίιιιι,
1103 3913 1131 3958 ut
1148 3904 1212 3958 intra
1232 3901 1410 3980 ilypodorinm
1429 3902 1707 3982 proslambanomenon
1725 3912 1751 3956 et
1770 3900 1869 3976 llyper·

235 3986 333 4064 lydiam
351 3997 427 4043 neten
444 4006 632 4060 synemmenon
649 3987 814 4045 intervallum
833 3990 872 4046 aar
888 3984 931 4040 σιὰ
949 3988 1037 4040 πασῶν
1053 3992 1093 4040 καί
1112 3985 1155 4040 διὰ
1168 3996 1247 4053 πέντε,
1266 3987 1337 4065 qnod
1348 3999 1388 4043 est
1398 4000 1526 4056 netarum,
1546 3988 1686 4052 efficiatum
1704 4006 1770 4063 quae
1782 3997 1869 4042 tamen

234 4075 303 4131 ratio
319 4093 369 4128 non
388 4074 508 4128 convenit
527 4073 733 4143 Aristoxeno,
756 4076 854 4151 quippe
872 4073 915 4148 qni
934 4070 1059 4129 tredecim
1077 4083 1176 4128 tantum
1195 4075 1286 4129 modos
1304 4085 1431 4148 agnoscat.

303 4157 428 4235 Sequitur
444 4157 561 4213 doctrina
580 4156 614 4212 de
632 4161 825 4215 consonantium
844 4156 1048 4223 intervallorum,
1065 4157 1106 4213 vel
1125 4161 1212 4236 potios
1228 4168 1399 4230 systematum
1418 4159 1508 4233 liguris
1523 4159 1580 4214 sine
1592 4155 1740 4233 specialius,
1759 4157 1868 4214 dirersis

234 4247 303 4302 inter
319 4264 347 4299 se
365 4263 413 4321 pro
431 4243 535 4299 diverso
552 4242 654 4306 ordine,
673 4263 724 4320 quo
744 4263 782 4307 ea,
799 4243 895 4320 quibos
913 4254 1110 4321 componuntnr,
1128 4247 1195 4298 inter
1212 4264 1240 4298 se
1259 4244 1393 4323 excipiunt
1411 4241 1553 4299 intervalla.
1590 4244 1666 4318 Quae
1684 4244 1782 4319 figuras
1800 4240 1866 4310 σχί-

234 4330 378 4400 parasite
396 4330 451 4396 εἴδη
473 4350 487 4383 a
506 4327 617 4385 Graecis
637 4339 775 4393 vocantur}
799 4329 844 4385 cir.
863 4326 986 4386 Euclid.
1005 4348 1062 4406 pag.
1082 4328 1128 4381 lt:
1150 4327 1224 4400 Πρὸς
1242 4331 1268 4380 di
1285 4327 1333 4397 τὴν
1349 4330 1398 4382 τῶν
1416 4326 1555 4399 ἦμιτονίων
1573 4336 1657 4393 σχίσιν
1673 4329 1706 4380 τὰ
1724 4349 1738 4380 σ
1742 4327 1779 4395 μή
1785 4349 1866 4394 ματα
1905 4358 1911 4369 ·

235 4419 380 4485 θεωρεῖται·
399 4414 448 4465 τοῦ
463 4406 509 4466 οὖν
522 4411 565 4465 dul
576 4410 705 4485 τεσσάρων
716 4416 815 4485 πρῶτον
823 4419 869 4482 μίν
881 4420 947 4466 ἐστιν
959 4416 1055 4480 εἶδος,
1074 4410 1105 4464 ori
1120 4411 1151 4465 τό
1168 4410 1302 4482 ἡμιτόνιον
1320 4419 1361 4467 tat
1378 4414 1408 4467 τό
1427 4412 1493 4483 βαρὺ
1509 4414 1558 4464 τοῖν
1574 4412 1655 4465 τόνων
1671 4423 1760 4475 νεῖται,
1778 4431 1800 4465 e.
1810 4432 1834 4487 q.
1842 4430 1864 4466 s.

301 4497 343 4551 60.
362 4496 403 4550 61.
438 4496 506 4576 Apte
529 4497 580 4553 hoc
602 4496 661 4554 loco
682 4499 715 4553 ita
739 4498 899 4555 illustrantur
923 4499 1147 4555 consonantiarum
1171 4497 1331 4554 diatessaron
1356 4507 1382 4553 et
1404 4498 1526 4571 diapente
1543 4500 1659 4576 species,
1681 4509 1709 4553 nt
1731 4497 1865 4572 utriusque

234 4583 317 4658 prima
336 4603 350 4635 a
369 4582 454 4658 primo
471 4583 630 4639 tetrachordi
649 4602 738 4638 meson
755 4603 820 4639 sono
838 4583 942 4640 ordiens
960 4586 986 4640 in
1004 4585 1117 4662 primurn
1134 4584 1277 4661 superioris
1296 4582 1454 4638 tetrachordi
1472 4602 1564 4639 sonum
1584 4604 1665 4661 aeque
1683 4581 1796 4644 desinat,
1818 4578 1863 4634 illa

233 4686 420 4741 synemmenon
450 4665 516 4722 haec
543 4669 745 4744 diezeugmenon
772 4668 944 4736 tetrachordi,
970 4678 997 4724 et
1023 4670 1114 4725 itidem
1136 4680 1245 4745 utraque
1267 4666 1381 4725 secunda
1403 4669 1507 4745 species
1529 4688 1544 4722 a
1566 4667 1681 4724 secondo
1707 4663 1866 4721 tetrachordi

234 4770 324 4808 ιιιεεοιι
342 4772 407 4809 sono
425 4752 450 4808 in
467 4753 622 4814 secundum,
642 4755 717 4811 tertia
736 4774 749 4808 a
768 4756 845 4810 tertio
862 4757 888 4812 in
906 4757 1023 4822 tertium,
1042 4752 1112 4812 unde
1130 4752 1174 4810 hic
1191 4754 1282 4812 harum
1300 4755 1449 4833 specierum
1468 4765 1622 4833 compertus
1639 4751 1763 4806 allicitur:

1535 5008 1559 5066 tt
