4236 5580
1167 292 1225 383 46

460 514 514 581 29.
555 506 710 592 Μουσική
738 512 826 576 λστιν
854 501 1014 589 ἐπιστήμη
1034 503 1223 591 θεωρητικὴ
1252 509 1309 576 καὶ
1337 503 1497 597 πρακτικὴ
1523 510 1642 594 μέλους
1671 507 1795 576 τελείου
1820 529 1855 572 τε
1882 509 1943 574 καὶ
1976 505 2027 591 dp

379 617 530 704 γανικοῦ·
575 611 598 694 ri
618 618 711 699 τέχνη
733 605 924 696 πρεπόντων
944 631 980 674 τε
1001 609 1056 674 καὶ
1075 607 1122 694 μὴ
1143 607 1335 696 πρεπόντων
1356 617 1392 677 ἐν
1412 612 1523 694 μέλεσι
1545 615 1599 678 καὶ
1620 611 1785 695 ῥυθμοῖς,
1814 612 2028 677 συντείνοντα

282 748 287 755 ·
379 716 463 806 πρός
484 716 585 798 ῆθῶν
605 710 821 793 κατασκευήν.
864 713 987 778 τέλειον
1019 712 1055 779 dd
1073 713 1172 796 μέλος
1207 718 1274 781 ἐστὶ
1295 708 1334 781 τό
1357 715 1566 798 συγκείμενον
1587 714 1622 779 ts
1643 735 1678 779 τι
1699 711 1811 794 λέξεως
1832 715 1887 778 καὶ
1907 713 2027 798 μέλους

379 827 436 890 καὶ
465 819 624 906 ῥυθμοῦ·
668 814 708 884 τό
731 813 759 882 d
783 813 863 882 όλον
883 816 1031 882 καλεῖται
1051 815 1148 900 μέλος
1169 812 1238 881 κατ’
1262 811 1468 897 ἐπικράτειαν
1488 814 1549 882 τοῦ
1574 809 1643 891 ἑνός
1666 813 1734 880 τῶν
1753 815 1898 900 μορίων·
1927 812 2027 898 ὄργα·

382 921 475 990 νικόν
502 923 537 987 δὲ
557 923 654 1006 μέλος
675 922 801 1004 λέγεται
824 914 861 985 τὸ
882 923 916 983 ἐκ
937 915 1003 982 τῶν
1025 922 1269 1002 συναφιεμένων
1290 913 1444 999 ἀλλήλοις
1466 913 1647 1003 φθόγγων,
1675 910 1695 982 ὃ
1716 918 1865 985 καλεῖται
1886 915 2028 1002 κροῶμα.

380 1026 434 1092 30.
460 1023 527 1103 Τῆς
549 1013 608 1089 οὖν
629 1023 788 1107 μουσικῆς
812 1027 845 1087 ἐκ
865 1018 965 1104 τριῶν
981 1018 1047 1086 τῶν
1069 1015 1352 1088 σννεκτικωτάτων
1366 1021 1600 1104 τελειουμένης,
1622 1014 1820 1104 ἁρμονικῆς,
1843 1018 2027 1103 ῥυθμικῆς,

380 1127 546 1213 μετρικῆς,
578 1120 710 1210 πρώτην
741 1149 775 1191 τε
802 1123 844 1215 τῆ
875 1119 964 1202 τάξει
988 1123 1045 1189 καλ
1070 1120 1379 1208 στοιχειιοδεστάτηυ
1404 1125 1541 1202 nomios
1567 1113 1628 1201 τὴν
1655 1125 1726 1204 περὶ
1752 1115 1790 1185 τό
1818 1117 2029 1205 ἡρμοσμένον

383 1230 628 1315 πραγματείαν·
656 1225 741 1307 αὕτη
772 1227 806 1291 δὲ
835 1220 999 1310 άρμουικῆ
1027 1226 1190 1293 καλεῖται·
1234 1223 1387 1310 ὃεότερον
1413 1224 1450 1290 δὲ
1476 1219 1516 1288 τό
1549 1217 1732 1308 ῥυθμικόν·
1764 1223 1820 1288 καὶ
1846 1225 1960 1306 τρίτον
1987 1216 2026 1288 τό

379 1325 546 1417 μετρικόν·
566 1331 634 1395 όστι
657 1330 691 1394 δὲ
712 1330 767 1394 καὶ
781 1331 952 1409 τέταρτον,
974 1321 1014 1391 τό
1032 1323 1224 1412 όργανικόν·
1245 1320 1494 1408 καλπσιητικόν·
1516 1326 1571 1390 καί
1586 1319 1807 1409 ὑπσκριτικόν.
1850 1323 1906 1389 31.
1928 1326 2027 1407 Πρω·

380 1433 475 1500 τεῦον
497 1430 532 1496 δὲ
552 1434 651 1548 μέρος
671 1429 730 1508 τῆς
751 1429 910 1513 μουσικῆς
931 1425 953 1507 ἡ
977 1424 1142 1543 ἁρμονική
1164 1437 1245 1497 ἐστι·
1273 1425 1318 1496 τά
1346 1425 1409 1514 γάρ
1433 1432 1468 1493 ίν
1487 1425 1629 1516 μουσικῇ
1650 1424 1764 1509 πρῶτα
1784 1419 1869 1505 αὕτη
1892 1427 2027 1510 θεωρεῖ,

382 1531 425 1611 ὡς
443 1530 485 1598 τά
507 1531 693 1616 κυριώτατα
715 1526 841 1597 έπτα”
820 1549 915 1597 οντα·
937 1530 1069 1613 πρῶτον
1088 1533 1162 1618 περὶ
1181 1529 1355 1618 φθόγγων,
1376 1525 1528 1614 δεύτερον
1549 1530 1624 1615 περὶ
1641 1522 1891 1610 διαστημάτων,
1913 1530 2027 1612 τρίτον

380 1638 453 1720 περὶ
480 1628 715 1719 συστημάτων,
744 1638 900 1717 τέταρτον
926 1634 999 1716 περὶ
1024 1631 1138 1715 γενῶν,
1170 1656 1195 1698 π
1196 1637 1319 1718 έμπτον
1344 1633 1420 1715 περὶ
1447 1627 1569 1710 τόνων,
1600 1634 1695 1695 έκτσν
1728 1631 1801 1714 περὶ
1825 1629 2026 1716 μεταβολῶν,

384 1738 529 1823 ἕβδομον
550 1737 625 1819 περὶ
652 1731 754 1815 αὐτῆς
772 1735 832 1813 τῆς
858 1736 1061 1818 μελοποιίας.
1105 1734 1156 1799 32
1179 1731 1271 1802 ’Ἐστι
1293 1723 1435 1820 μὲνοῦν
1461 1727 1622 1817 ἁρμονικὴ
1636 1718 1744 1815 τέχνη
1777 1726 1908 1816 λογικῆ,
1941 1753 2027 1816 περι·

383 1845 503 1926 ίχουσα
531 1830 591 1902 τόν
617 1840 692 1922 περὶ
719 1835 882 1921 μουσικῆς
902 1833 1019 1922 λόγον·
1046 1832 1223 1922 ἁρμονικὸς
1246 1833 1319 1904 δέ
1303 1860 1322 1902 ο
1343 1835 1392 1921 τῶ
1413 1840 1608 1981 σννηγορειν
1632 1835 1704 1918 περὶ
1730 1832 1792 1898 τοῦ
1816 1830 2027 1918 μαθήματος
2086 1896 2100 1915 ,

300 1942 304 1946 ’
380 1942 641 2024 πεπειρασμένος.

448 2076 490 2130 29.
524 2073 589 2125 πέλε
590 2091 620 2122 ον
637 2072 664 2123 nt
679 2072 798 2140 μέλσςτῖ
798 2091 839 2123 νια
830 2090 886 2122 ιτο
879 2067 987 2127 B.-
1006 2074 1031 2124 έν
1046 2090 1075 2123 τε
1092 2073 1178 2131 λέξεων
1194 2074 1238 2125 καλ
1251 2091 1283 2143 p.
1299 2092 1328 2124 π.
1346 2070 1433 2127 Β.-
1399 2064 1481 2122 -τό
1499 2071 1527 2123 n
1544 2065 1652 2122 σύνολον
1667 2087 1695 2140 p.
1710 2087 1739 2128 π.
1756 2065 1843 2135 Β,
1814 2089 1845 2121 το
1863 2070 1926 2121 ολον
1943 2070 1976 2125 Ρ.
1994 2096 2026 2111 -

449 2160 658 2227 σοιαμφιεμίνων
677 2157 710 2210 Β.
735 2185 768 2195 -
792 2155 834 2210 39.
858 2158 883 2206 λιι
900 2154 950 2205 τῶν
966 2155 1041 2227 τριῶν
1057 2156 1107 2208 τῶν
1119 2176 1149 2228 p.
1166 2176 1195 2210 π.
1212 2156 1247 2213 Β.
1264 2185 1299 2197 -
1316 2150 1468 2227 ἁρμονικῆς,
1490 2155 1629 2224 ρυθμικοῖς
1644 2173 1672 2208 τι.
1689 2181 1724 2194 -
1741 2148 1790 2220 τῆν
1810 2155 1854 2206 itti
1876 2147 1908 2205 τό
1929 2148 2025 2225 ῆρμοσ·

446 2248 523 2313 μόνον
545 2245 581 2296 Ν.
604 2269 635 2278 -
662 2239 703 2294 31.
723 2232 846 2309 ἁρμονική
869 2242 927 2296 sinn
950 2242 1068 2296 uriieuio
1085 2245 1119 2297 N.
1138 2271 1171 2282 —
1192 2247 1290 2315 θεωρεῖ
1304 2244 1349 2294 καλ
1363 2236 1397 2293 τὰ
1414 2243 1480 2297 Par.
1499 2242 1531 2295 B·
1555 2267 1591 2280 ·-
1612 2235 1840 2315 3Ἆ1μᾱθῆμπθε
1859 2242 2025 2308 Μπέίσμίῐθῖ

448 2330 515 2382 Par.
533 2324 565 2379 B.

383 2453 583 2468 .....-..---

446 2525 491 2580 29.
510 2520 582 2578 Hnec
604 2521 718 2578 musices
740 2519 860 2577 definitio
882 2532 910 2578 et
933 2522 1028 2580 similis
1049 2533 1113 2580 sect
1131 2528 1166 2579 12
1160 2524 1340 2623 desumptae
1361 2534 1423 2582 snnt
1439 2545 1474 2584 ex
1490 2522 1656 2592 Aristide,
1682 2526 1784 2603 pepe.
1800 2521 1846 2580 lin
1864 2520 1921 2593 nit,
1939 2543 2023 2602 seqq„

379 2628 465 2687 neque
483 2617 571 2663 temen
588 2607 695 2662 omnino
714 2604 748 2661 nd
765 2606 885 2664 verbnm.
919 2612 1093 2662 Σονιελιοοσα
1077 2630 1168 2681 απρο
1170 2631 1182 2670 ς
1203 2604 1279 2678 sinon
1301 2631 1365 2663 ναατ
1349 2630 1395 2662 ακσ
1381 2608 1456 2680 κενήν
1443 2618 1520 2668 vest
1540 2609 1653 2667 tendens
1674 2609 1707 2665 sd
1730 2607 1907 2667 moderandos
1929 2628 2024 2666 mores.

379 2692 450 2752 Cum
475 2689 526 2747 hnc
549 2692 647 2745 τελείου
673 2691 765 2760 μέλους
791 2686 944 2749 definitione
972 2692 1131 2750 conserenda
1158 2704 1220 2751 suut
1235 2695 1409 2752 Aristidis
1429 2696 1526 2762 verbs,
1551 2714 1610 2774 psg
1633 2695 1663 2751 t:
1687 2690 1738 2768 χρῆ
1760 2689 1847 2767 μόρα
1833 2698 1876 2748 snt
1897 2695 2025 2765 μελῳδίαν

378 2785 474 2851 θεωρεῖ
464 2783 574 2832 ισθαικ
561 2771 769 2846 καὶρνθμόνκ
755 2779 799 2830 καλ
821 2780 886 2838 λέξω
892 2816 901 2848 ,
924 2772 993 2838 ὅπως
1011 2771 1090 2832 duod
1112 2781 1260 2834 τέλειον
1226 2803 1272 2850 της
1289 2775 1390 2852 ᾠδῆς
1373 2802 1472 2854 απεργα
1455 2780 1558 2850 άζηται,
1580 2791 1609 2836 et
1624 2799 1692 2857 quse
1709 2798 1789 2856 nuptu
1811 2777 1945 2857 disputata
1963 2789 2026 2836 sunt

378 2883 436 2945 pig.
453 2864 527 2928 22,
518 2882 546 2918 ιο
564 2862 728 2918 cunctatione
747 2859 781 2916 nd
799 2864 1014 2922 ascisceret.

446 2952 489 3006 30.
510 2947 598 3005 Verba
622 2946 655 3002 sb
679 2947 754 3002 initio
776 2947 853 3006 huius
875 2948 998 3005 sectionis
1022 2968 1105 3027 usqne
1127 2945 1201 3005 nd
1185 2972 1278 3025 αρμονι
1278 2949 1348 3022 κῆκ
1334 2954 1405 3005 κολα
1405 2973 1447 3004 ται
1438 2948 1503 3006 ssd
1525 2948 1641 3007 litterum
1665 2957 1808 3025 congruunt
1829 2967 1890 3005 cnm
1914 2948 2023 3007 exordio

379 3032 509 3110 nlyptt
533 3033 584 3088 nisi
609 3030 679 3107 qnod
707 3025 753 3084 σίν
741 3044 881 3090 urente
862 3053 942 3103 μοοσι
943 3035 988 3101 eric
1010 3033 1144 3100 anditum,
1169 3044 1197 3091 et
1222 3038 1380 3109 ἐπιστημῶν,
1405 3037 1520 3114 positum
1546 3034 1580 3092 nb
1606 3032 1653 3092 illo
1679 3044 1739 3091 nnte
1764 3036 1952 3103 τελιιοιμίνης,
1981 3033 2024 3091 hic

379 3122 505 3178 omissum
522 3128 572 3173 est
608 3116 733 3172 Ceterum
752 3117 818 3174 coni.
836 3129 902 3174 sect.
923 3121 963 3173 13.

447 3206 491 3259 31.
510 3199 580 3258 Vide
597 3209 672 3257 sectt.
690 3202 725 3255 19
744 3209 771 3255 et
787 3203 834 3266 29,
855 3211 882 3257 et
899 3221 966 3277 quse
984 3203 1021 3258 ibi
1039 3211 1158 3258 annotstn
1176 3212 1243 3258 sunt.

985 3396 1411 3409 —--—-—-—.-.-..

488 3597 578 3675 Quae
599 3596 661 3663 iam
683 3607 853 3684 sequuntur
882 3594 958 3663 inde
979 3617 999 3662 s
1019 3596 1159 3663 sectione
1181 3597 1225 3662 33
1248 3597 1409 3685 usquead
1430 3600 1602 3667 sectionem
1623 3602 1681 3682 50,
1712 3620 1753 3667 ex
1774 3599 2023 3667 Aristoxeno

385 3708 458 3767 sunt
480 3697 657 3786 desumpta,
687 3721 779 3788 quem
806 3700 919 3786 partim
945 3696 1154 3782 adverbum,
1183 3698 1296 3789 partim
1325 3699 1435 3769 leviter
1463 3713 1627 3785 mutatum,
1655 3711 1708 3770 ent
1733 3703 1767 3768 in
1793 3701 1918 3768 brevius
1947 3723 2025 3770 eon·

380 3811 528 3885 unctum,
551 3801 719 3891 exscripsit
741 3811 867 3884 auctor,
889 3821 962 3867 raro
984 3809 1104 3868 tentum
1126 3801 1187 3869 alis
1207 3804 1396 3871 interserens
1418 3815 1472 3873 snt
1493 3828 1564 3885 sne,
1597 3816 1650 3872 eut
1676 3803 1802 3871 aliunde
1823 3803 2025 3895 depromptu.

382 3907 457 3987 Quo
484 3905 578 3993 igitur
607 3904 729 3973 facilius
757 3901 1033 3987 animadvertetur,
1071 3905 1184 3993 qrtibus
1218 3906 1299 3973 locis
1335 3905 1429 3974 ambo
1461 3909 1631 3996 scriptores
1665 3908 1746 3975 inter
1770 3929 1805 3974 se
1837 3917 2024 3994 congruent,

384 4008 497 4096 quibus
527 4006 687 4090 differant,
714 4009 748 4075 in
777 4007 984 4074 exterioribus
1012 4006 1240 4076 dimidiatarum
1266 4009 1448 4096 paginarum
1475 4011 1616 4098 partibus
1638 4009 1823 4076 Aristoxeni
1844 4010 1941 4077 verbs
1970 4032 2025 4100 sp

384 4128 512 4198 ponam.
554 4111 620 4175 Iam
647 4132 724 4177 vero
752 4111 806 4199 qui
835 4109 1070 4177 Meibominnne
1098 4111 1231 4199 paginae
1259 4121 1291 4177 et
1316 4110 1419 4178 lineae
1447 4133 1592 4180 numerus
1618 4113 1728 4200 cuique
1756 4110 1831 4178 loco
1864 4112 2025 4199 praefixus

386 4220 449 4292 est,
472 4232 542 4277 eum
563 4212 643 4278 scito
666 4233 733 4278 non
752 4206 925 4300 internupta
944 4213 1181 4293 Aristoxeuiaui
1203 4223 1370 4283 contextus
1392 4215 1474 4281 serie
1494 4216 1644 4282 continno
1667 4214 1787 4303 excipi,
1809 4213 1913 4281 donee
1934 4214 2025 4282 eliud

385 4312 464 4379 nlius
485 4313 617 4402 paginae
643 4312 785 4381 tineaeve
812 4314 932 4400 signum
954 4315 1157 4399 interveniet,
1186 4317 1307 4384 etiamsi
1328 4317 1462 4406 spatium
1483 4337 1706 4406 nonnunquam
1727 4318 1900 4400 moeneris,
1923 4315 2026 4404 quod,

386 4435 450 4506 quo
479 4415 640 4503 utriusque
666 4417 831 4484 columnae
857 4420 1060 4504 congruentis
1085 4421 1167 4486 inter
1195 4441 1231 4486 se
1262 4419 1359 4488 verbs
1385 4440 1426 4487 ex
1458 4417 1593 4486 adverso
1625 4417 1687 4486 sibi
1719 4419 1852 4488 invicem
1886 4417 2027 4488 describi

383 4528 531 4609 possent,
570 4539 701 4588 vaenum
730 4520 907 4609 relinquere
940 4542 1069 4590 necesse
1101 4521 1259 4590 interdum
1285 4531 1368 4602 eret,
1404 4521 1460 4588 ubi
1485 4522 1731 4589 Aristoxeninno
1765 4523 1927 4588 contextui
1961 4520 2026 4589 niis

382 4622 510 4690 nliunde
533 4621 697 4710 desumptn
717 4623 752 4691 in
770 4623 830 4690 hnc
852 4623 1022 4713 scriptione
1045 4635 1134 4691 erent
1154 4618 1334 4712 interserta3
1364 4633 1489 4706 contre,
1516 4623 1571 4692 ubi
1592 4624 1697 4691 denuo
1720 4625 1869 4714 scriptum
1888 4625 2026 4712 paginae

382 4722 548 4813 lineaeque
569 4723 706 4792 indicem
727 4727 895 4815 repereris,
923 4736 996 4794 ente
1022 4750 1093 4796 eum
1123 4726 1276 4795 nonnulle
1303 4724 1565 4808 Aristoxenus,
1595 4727 1711 4815 quippe
1738 4725 1778 4794 ab
1804 4724 1897 4792 husius
1923 4725 2025 4815 scrip·

381 4827 478 4895 tionis
501 4836 630 4896 auctore
649 4851 781 4919 prorsus
804 4831 935 4912 omisso,
958 4830 1074 4899 omissa
1095 4851 1115 4896 a
1135 4852 1185 4898 me
1203 4850 1330 4919 qnoque
1351 4849 1421 4896 esse
1435 4829 1619 4897 memineris.
1662 4829 1769 4917 Atque
1782 4828 1842 4896 hac
1856 4825 2024 4896 umbonum
