<?xml version="1.0" encoding="UTF-8"?>
<!DOCTYPE html PUBLIC "-//W3C//DTD XHTML 1.0 Transitional//EN"
    "http://www.w3.org/TR/xhtml1/DTD/xhtml1-transitional.dtd">
<html xmlns="http://www.w3.org/1999/xhtml" xml:lang="en" lang="en">
 <head>
  <title>
</title>
<meta http-equiv="Content-Type" content="text/html;charset=utf-8" />
  <meta name='ocr-system' content='tesseract 3.04.00' />
  <meta name='ocr-capabilities' content='ocr_page ocr_carea ocr_par ocr_line ocrx_word'/>
</head>
<body>
  <div class='ocr_page' id='page_1' title='image "./anonymiscritiod00bellgoog_0091.png"; bbox 0 0 4236 5580; ppageno 0'>
   <div class='ocr_carea' id='block_1_1' title="bbox 927 312 1127 440">
    <p class='ocr_par' dir='ltr' id='par_1_1' title="bbox 927 312 1127 440">
     <span class='ocr_line' id='line_1_1' title="bbox 927 312 1127 440; baseline 0 0"><span class='ocrx_word' id='word_1_1' title='bbox 927 368 932 378; x_wconf 90' lang='lat'><strong>·</strong></span> <span class='ocrx_word' id='word_1_2' title='bbox 977 312 1127 440; x_wconf 63' lang='grc' dir='ltr'><em>τι..</em></span> 
     </span>
    </p>
   </div>
   <div class='ocr_carea' id='block_1_2' title="bbox 233 514 1870 1631">
    <p class='ocr_par' dir='ltr' id='par_1_2' title="bbox 233 514 1870 1631">
     <span class='ocr_line' id='line_1_2' title="bbox 234 514 1866 605; baseline -0.005 -16"><span class='ocrx_word' id='word_1_3' title='bbox 234 524 285 589; x_wconf 74' lang='lat'>62.</span> <span class='ocrx_word' id='word_1_4' title='bbox 313 518 386 589; x_wconf 69' lang='grc' dir='ltr'>Τῶν</span> <span class='ocrx_word' id='word_1_5' title='bbox 408 523 442 587; x_wconf 68' lang='grc' dir='ltr'>δὲ</span> <span class='ocrx_word' id='word_1_6' title='bbox 465 520 523 587; x_wconf 77' lang='grc' dir='ltr'>τοῦ</span> <span class='ocrx_word' id='word_1_7' title='bbox 543 514 600 586; x_wconf 64' lang='grc' dir='ltr'>διὰ</span> <span class='ocrx_word' id='word_1_8' title='bbox 619 517 733 585; x_wconf 71' lang='grc' dir='ltr'><em>πασῶν</em></span> <span class='ocrx_word' id='word_1_9' title='bbox 759 514 926 605; x_wconf 70' lang='grc' dir='ltr'><em>[σχήματά</em></span> <span class='ocrx_word' id='word_1_10' title='bbox 949 518 1033 600; x_wconf 71' lang='grc' dir='ltr'><em>ἐστι]</em></span> <span class='ocrx_word' id='word_1_11' title='bbox 1060 532 1198 605; x_wconf 77' lang='grc' dir='ltr'>σχημάτων</span> <span class='ocrx_word' id='word_1_12' title='bbox 1215 536 1269 588; x_wconf 67' lang='grc' dir='ltr'><em>ἐστὶ</em></span> <span class='ocrx_word' id='word_1_13' title='bbox 1286 534 1459 605; x_wconf 65' lang='grc' dir='ltr'><em>πρῶτονμὲν,</em></span> <span class='ocrx_word' id='word_1_14' title='bbox 1483 526 1514 583; x_wconf 87' lang='grc' dir='ltr'>οὑ</span> <span class='ocrx_word' id='word_1_15' title='bbox 1535 531 1635 601; x_wconf 75' lang='grc' dir='ltr'><em>πρότος</em></span> <span class='ocrx_word' id='word_1_16' title='bbox 1651 525 1666 582; x_wconf 86' lang='grc' dir='ltr'><em>ό</em></span> <span class='ocrx_word' id='word_1_17' title='bbox 1683 528 1760 588; x_wconf 89' lang='grc' dir='ltr'><em>τόνος</em></span> <span class='ocrx_word' id='word_1_18' title='bbox 1776 533 1817 582; x_wconf 79' lang='lat' dir='ltr'>ini</span> <span class='ocrx_word' id='word_1_19' title='bbox 1834 528 1866 581; x_wconf 91' lang='grc' dir='ltr'>τό</span> 
     </span>
     <span class='ocr_line' id='line_1_3' title="bbox 235 609 1866 710; baseline -0.007 -15"><span class='ocrx_word' id='word_1_20' title='bbox 235 636 290 709; x_wconf 75' lang='grc' dir='ltr'><em>όεό,</em></span> <span class='ocrx_word' id='word_1_21' title='bbox 309 633 360 693; x_wconf 74' lang='grc' dir='ltr'>ἀπὸ</span> <span class='ocrx_word' id='word_1_22' title='bbox 378 641 636 710; x_wconf 65' lang='grc' dir='ltr'><em>,τριςλιμμινιμιιου</em></span> <span class='ocrx_word' id='word_1_23' title='bbox 654 641 696 691; x_wconf 70' lang='lat' dir='ltr'>ent</span> <span class='ocrx_word' id='word_1_24' title='bbox 711 642 798 707; x_wconf 67' lang='lat' dir='ltr'>psop-</span> <span class='ocrx_word' id='word_1_25' title='bbox 821 618 972 704; x_wconf 79' lang='grc' dir='ltr'><em>δεύτερον</em></span> <span class='ocrx_word' id='word_1_26' title='bbox 998 619 1024 686; x_wconf 85' lang='grc' dir='ltr'>δ’</span> <span class='ocrx_word' id='word_1_27' title='bbox 1049 625 1145 700; x_wconf 76' lang='grc' dir='ltr'><em>ἐστίν,</em></span> <span class='ocrx_word' id='word_1_28' title='bbox 1174 609 1216 687; x_wconf 84' lang='grc' dir='ltr'>οὑ</span> <span class='ocrx_word' id='word_1_29' title='bbox 1246 616 1393 703; x_wconf 79' lang='grc' dir='ltr'><em>δεύτερος</em></span> <span class='ocrx_word' id='word_1_30' title='bbox 1414 615 1432 682; x_wconf 92' lang='grc' dir='ltr'><em>ό</em></span> <span class='ocrx_word' id='word_1_31' title='bbox 1456 613 1552 694; x_wconf 84' lang='grc' dir='ltr'><strong><em>τόνος</em></strong></span> <span class='ocrx_word' id='word_1_32' title='bbox 1574 620 1627 682; x_wconf 80' lang='grc' dir='ltr'><em>ἐπὶ</em></span> <span class='ocrx_word' id='word_1_33' title='bbox 1649 615 1686 683; x_wconf 88' lang='grc' dir='ltr'>τό</span> <span class='ocrx_word' id='word_1_34' title='bbox 1710 613 1778 700; x_wconf 85' lang='grc' dir='ltr'><em>όξὺ,</em></span> <span class='ocrx_word' id='word_1_35' title='bbox 1799 616 1866 683; x_wconf 82' lang='grc' dir='ltr'><em>άπὸ</em></span> 
     </span>
     <span class='ocr_line' id='line_1_4' title="bbox 236 713 1867 808; baseline -0.005 -15"><span class='ocrx_word' id='word_1_36' title='bbox 236 725 362 806; x_wconf 84' lang='grc' dir='ltr'><em>ὑπάτης</em></span> <span class='ocrx_word' id='word_1_37' title='bbox 382 722 515 790; x_wconf 77' lang='grc' dir='ltr'><em>ὑπατῶν</em></span> <span class='ocrx_word' id='word_1_38' title='bbox 537 727 590 789; x_wconf 83' lang='grc' dir='ltr'><em>ἐπὶ</em></span> <span class='ocrx_word' id='word_1_39' title='bbox 611 728 810 808; x_wconf 74' lang='grc' dir='ltr'><strong><em>παραμέσην·</em></strong></span> <span class='ocrx_word' id='word_1_40' title='bbox 832 727 944 808; x_wconf 92' lang='grc' dir='ltr'><em>τρίτον</em></span> <span class='ocrx_word' id='word_1_41' title='bbox 966 725 1010 806; x_wconf 78' lang='grc' dir='ltr'>δὲ,</span> <span class='ocrx_word' id='word_1_42' title='bbox 1033 716 1074 790; x_wconf 84' lang='grc' dir='ltr'>οὗ</span> <span class='ocrx_word' id='word_1_43' title='bbox 1095 728 1202 808; x_wconf 88' lang='grc' dir='ltr'><em>τρίτος</em></span> <span class='ocrx_word' id='word_1_44' title='bbox 1225 720 1243 788; x_wconf 91' lang='grc' dir='ltr'><em>ό</em></span> <span class='ocrx_word' id='word_1_45' title='bbox 1264 720 1361 797; x_wconf 88' lang='grc' dir='ltr'><em>τόνος</em></span> <span class='ocrx_word' id='word_1_46' title='bbox 1377 722 1429 786; x_wconf 78' lang='grc' dir='ltr'>ἐπὶ</span> <span class='ocrx_word' id='word_1_47' title='bbox 1444 717 1482 785; x_wconf 91' lang='grc' dir='ltr'>τό</span> <span class='ocrx_word' id='word_1_48' title='bbox 1495 713 1565 802; x_wconf 84' lang='grc' dir='ltr'>ὀξὺ,</span> <span class='ocrx_word' id='word_1_49' title='bbox 1587 716 1655 786; x_wconf 86' lang='grc' dir='ltr'>άπό</span> <span class='ocrx_word' id='word_1_50' title='bbox 1670 718 1867 805; x_wconf 88' lang='grc' dir='ltr'><em>παρυπάτης</em></span> 
     </span>
     <span class='ocr_line' id='line_1_5' title="bbox 236 817 1867 913; baseline -0.005 -18"><span class='ocrx_word' id='word_1_51' title='bbox 236 829 369 895; x_wconf 85' lang='grc' dir='ltr'><em>ὑπατῶν</em></span> <span class='ocrx_word' id='word_1_52' title='bbox 391 831 441 893; x_wconf 76' lang='grc' dir='ltr'><em>ἐπὶ</em></span> <span class='ocrx_word' id='word_1_53' title='bbox 463 830 574 913; x_wconf 80' lang='grc' dir='ltr'><em>τρίτην</em></span> <span class='ocrx_word' id='word_1_54' title='bbox 597 826 831 911; x_wconf 74' lang='grc' dir='ltr'><em>διεζευγμένων·</em></span> <span class='ocrx_word' id='word_1_55' title='bbox 853 831 1008 913; x_wconf 89' lang='grc' dir='ltr'><em>τέταρτον</em></span> <span class='ocrx_word' id='word_1_56' title='bbox 1031 828 1076 909; x_wconf 77' lang='grc' dir='ltr'>δὲ,</span> <span class='ocrx_word' id='word_1_57' title='bbox 1099 817 1137 898; x_wconf 85' lang='grc' dir='ltr'>οὗ</span> <span class='ocrx_word' id='word_1_58' title='bbox 1157 831 1309 908; x_wconf 90' lang='grc' dir='ltr'><em>τέταρτος</em></span> <span class='ocrx_word' id='word_1_59' title='bbox 1331 821 1349 888; x_wconf 88' lang='grc' dir='ltr'>ὁ</span> <span class='ocrx_word' id='word_1_60' title='bbox 1372 820 1467 898; x_wconf 83' lang='grc' dir='ltr'><em>τόνος</em></span> <span class='ocrx_word' id='word_1_61' title='bbox 1488 826 1540 889; x_wconf 71' lang='lat' dir='ltr'>ent</span> <span class='ocrx_word' id='word_1_62' title='bbox 1559 819 1598 888; x_wconf 90' lang='grc' dir='ltr'>τό</span> <span class='ocrx_word' id='word_1_63' title='bbox 1611 819 1679 905; x_wconf 83' lang='grc' dir='ltr'><em>όξό,</em></span> <span class='ocrx_word' id='word_1_64' title='bbox 1702 818 1867 909; x_wconf 83' lang='grc' dir='ltr'><em>άπόλιχα-</em></span> 
     </span>
     <span class='ocr_line' id='line_1_6' title="bbox 235 921 1868 1018; baseline -0.005 -20"><span class='ocrx_word' id='word_1_65' title='bbox 235 932 296 998; x_wconf 84' lang='grc' dir='ltr'><em>νοῦ</em></span> <span class='ocrx_word' id='word_1_66' title='bbox 313 927 505 1011; x_wconf 73' lang='grc' dir='ltr'><em>ὑπατ[ης]ιῐι</em></span> <span class='ocrx_word' id='word_1_67' title='bbox 528 932 722 1018; x_wconf 76' lang='grc' dir='ltr'><em>ἐναρμονίου</em></span> <span class='ocrx_word' id='word_1_68' title='bbox 743 937 762 1011; x_wconf 72' lang='grc' dir='ltr'><em>ἢ</em></span> <span class='ocrx_word' id='word_1_69' title='bbox 777 945 940 1014; x_wconf 75' lang='grc' dir='ltr'><em>χρωμιιιιιι·</em></span> <span class='ocrx_word' id='word_1_70' title='bbox 956 938 975 1013; x_wconf 76' lang='grc' dir='ltr'><em>ἢ</em></span> <span class='ocrx_word' id='word_1_71' title='bbox 992 941 1112 998; x_wconf 74' lang='grc' dir='ltr'>διατόνου</span> <span class='ocrx_word' id='word_1_72' title='bbox 1135 932 1187 994; x_wconf 77' lang='grc' dir='ltr'><em>ἐπὶ</em></span> <span class='ocrx_word' id='word_1_73' title='bbox 1201 922 1393 1011; x_wconf 73' lang='grc' dir='ltr'><em>παρανήτην</em></span> <span class='ocrx_word' id='word_1_74' title='bbox 1405 926 1629 1009; x_wconf 77' lang='grc' dir='ltr'><em>διεζευγμένων</em></span> <span class='ocrx_word' id='word_1_75' title='bbox 1641 921 1868 1009; x_wconf 79' lang='grc' dir='ltr'><em>ἐναρμόνιονή</em></span> 
     </span>
     <span class='ocr_line' id='line_1_7' title="bbox 233 1018 1867 1119; baseline -0.004 -21"><span class='ocrx_word' id='word_1_76' title='bbox 233 1029 442 1119; x_wconf 85' lang='grc' dir='ltr'><em>χρωματικόν</em></span> <span class='ocrx_word' id='word_1_77' title='bbox 464 1029 485 1114; x_wconf 85' lang='grc' dir='ltr'><em>ή</em></span> <span class='ocrx_word' id='word_1_78' title='bbox 507 1030 669 1099; x_wconf 91' lang='grc' dir='ltr'><em>διάτονον·</em></span> <span class='ocrx_word' id='word_1_79' title='bbox 692 1036 840 1115; x_wconf 87' lang='grc' dir='ltr'><em>πέμπτον</em></span> <span class='ocrx_word' id='word_1_80' title='bbox 862 1030 908 1109; x_wconf 81' lang='grc' dir='ltr'>δὲ,</span> <span class='ocrx_word' id='word_1_81' title='bbox 932 1021 972 1096; x_wconf 85' lang='grc' dir='ltr'>οὗ</span> <span class='ocrx_word' id='word_1_82' title='bbox 993 1036 1137 1113; x_wconf 88' lang='grc' dir='ltr'><em>πέμπτος</em></span> <span class='ocrx_word' id='word_1_83' title='bbox 1158 1026 1177 1095; x_wconf 90' lang='grc' dir='ltr'>ὁ</span> <span class='ocrx_word' id='word_1_84' title='bbox 1200 1027 1294 1106; x_wconf 85' lang='grc' dir='ltr'><em>τόνος</em></span> <span class='ocrx_word' id='word_1_85' title='bbox 1316 1018 1403 1093; x_wconf 77' lang='grc' dir='ltr'><em>ἐστίν</em></span> <span class='ocrx_word' id='word_1_86' title='bbox 1426 1031 1478 1094; x_wconf 78' lang='grc' dir='ltr'><em>ἐπὶ</em></span> <span class='ocrx_word' id='word_1_87' title='bbox 1498 1020 1536 1092; x_wconf 91' lang='grc' dir='ltr'>τό</span> <span class='ocrx_word' id='word_1_88' title='bbox 1561 1021 1629 1109; x_wconf 78' lang='grc' dir='ltr'><em>όξὺ,</em></span> <span class='ocrx_word' id='word_1_89' title='bbox 1650 1023 1717 1092; x_wconf 89' lang='grc' dir='ltr'>άπό</span> <span class='ocrx_word' id='word_1_90' title='bbox 1743 1025 1867 1107; x_wconf 79' lang='grc' dir='ltr'><em>ὑπάτης</em></span> 
     </span>
     <span class='ocr_line' id='line_1_8' title="bbox 234 1122 1868 1220; baseline -0.004 -18"><span class='ocrx_word' id='word_1_91' title='bbox 234 1141 339 1220; x_wconf 86' lang='grc' dir='ltr'><em>μέσων</em></span> <span class='ocrx_word' id='word_1_92' title='bbox 361 1139 413 1201; x_wconf 82' lang='grc' dir='ltr'><em>ἐπὶ</em></span> <span class='ocrx_word' id='word_1_93' title='bbox 434 1130 534 1216; x_wconf 81' lang='grc' dir='ltr'><em>νήτην</em></span> <span class='ocrx_word' id='word_1_94' title='bbox 556 1135 790 1219; x_wconf 73' lang='grc' dir='ltr'><em>διεζευγμένων·</em></span> <span class='ocrx_word' id='word_1_95' title='bbox 814 1135 907 1198; x_wconf 85' lang='grc' dir='ltr'><em>έκτον</em></span> <span class='ocrx_word' id='word_1_96' title='bbox 929 1132 978 1210; x_wconf 79' lang='grc' dir='ltr'>δὲ,</span> <span class='ocrx_word' id='word_1_97' title='bbox 1006 1122 1047 1198; x_wconf 87' lang='grc' dir='ltr'>οὑ</span> <span class='ocrx_word' id='word_1_98' title='bbox 1069 1135 1160 1210; x_wconf 85' lang='grc' dir='ltr'><em>έκτος</em></span> <span class='ocrx_word' id='word_1_99' title='bbox 1183 1122 1200 1198; x_wconf 90' lang='grc' dir='ltr'><em>ό</em></span> <span class='ocrx_word' id='word_1_100' title='bbox 1223 1127 1320 1208; x_wconf 87' lang='grc' dir='ltr'><em>τόνος</em></span> <span class='ocrx_word' id='word_1_101' title='bbox 1343 1133 1425 1196; x_wconf 76' lang='grc' dir='ltr'><em>ἐστὶν</em></span> <span class='ocrx_word' id='word_1_102' title='bbox 1448 1131 1501 1194; x_wconf 77' lang='grc' dir='ltr'><em>ἐπὶ</em></span> <span class='ocrx_word' id='word_1_103' title='bbox 1523 1123 1560 1195; x_wconf 89' lang='grc' dir='ltr'>τό</span> <span class='ocrx_word' id='word_1_104' title='bbox 1581 1127 1650 1211; x_wconf 80' lang='grc' dir='ltr'><em>όξὺ,</em></span> <span class='ocrx_word' id='word_1_105' title='bbox 1677 1125 1745 1195; x_wconf 89' lang='grc' dir='ltr'>άπό</span> <span class='ocrx_word' id='word_1_106' title='bbox 1768 1154 1868 1215; x_wconf 89' lang='grc' dir='ltr'><em>παρυ-</em></span> 
     </span>
     <span class='ocr_line' id='line_1_9' title="bbox 236 1224 1867 1324; baseline -0.002 -20"><span class='ocrx_word' id='word_1_107' title='bbox 236 1235 341 1318; x_wconf 87' lang='grc' dir='ltr'><em>πάτης</em></span> <span class='ocrx_word' id='word_1_108' title='bbox 353 1243 459 1322; x_wconf 85' lang='grc' dir='ltr'><em>μέσων</em></span> <span class='ocrx_word' id='word_1_109' title='bbox 471 1242 522 1304; x_wconf 75' lang='grc' dir='ltr'><em>ἐπὶ</em></span> <span class='ocrx_word' id='word_1_110' title='bbox 534 1241 647 1324; x_wconf 88' lang='grc' dir='ltr'><em>τρίτην</em></span> <span class='ocrx_word' id='word_1_111' title='bbox 661 1232 893 1317; x_wconf 79' lang='grc' dir='ltr'><em>ὑπερβολαίων·</em></span> <span class='ocrx_word' id='word_1_112' title='bbox 916 1235 1070 1320; x_wconf 84' lang='grc' dir='ltr'><em>έβδομον,</em></span> <span class='ocrx_word' id='word_1_113' title='bbox 1092 1226 1133 1300; x_wconf 87' lang='grc' dir='ltr'>οὑ</span> <span class='ocrx_word' id='word_1_114' title='bbox 1154 1234 1295 1319; x_wconf 75' lang='grc' dir='ltr'><em>ἕβδομος</em></span> <span class='ocrx_word' id='word_1_115' title='bbox 1317 1229 1335 1298; x_wconf 93' lang='grc' dir='ltr'>ὁ</span> <span class='ocrx_word' id='word_1_116' title='bbox 1358 1228 1453 1310; x_wconf 85' lang='grc' dir='ltr'><em>τόνος</em></span> <span class='ocrx_word' id='word_1_117' title='bbox 1474 1235 1558 1298; x_wconf 79' lang='grc' dir='ltr'><em>ἐστὶν</em></span> <span class='ocrx_word' id='word_1_118' title='bbox 1581 1237 1631 1299; x_wconf 75' lang='grc' dir='ltr'><em>ἐπὶ</em></span> <span class='ocrx_word' id='word_1_119' title='bbox 1651 1226 1691 1299; x_wconf 90' lang='grc' dir='ltr'>τό</span> <span class='ocrx_word' id='word_1_120' title='bbox 1714 1229 1781 1313; x_wconf 79' lang='grc' dir='ltr'><em>ὀξὺ,</em></span> <span class='ocrx_word' id='word_1_121' title='bbox 1802 1224 1867 1300; x_wconf 85' lang='grc' dir='ltr'>ἀπό</span> 
     </span>
     <span class='ocr_line' id='line_1_10' title="bbox 234 1330 1870 1426; baseline -0.001 -22"><span class='ocrx_word' id='word_1_122' title='bbox 234 1341 369 1426; x_wconf 86' lang='grc' dir='ltr'><em>λιχανοῦ</em></span> <span class='ocrx_word' id='word_1_123' title='bbox 377 1346 483 1425; x_wconf 90' lang='grc' dir='ltr'><em>μέσων</em></span> <span class='ocrx_word' id='word_1_124' title='bbox 495 1341 692 1423; x_wconf 78' lang='grc' dir='ltr'><em>ἐναρμονίου</em></span> <span class='ocrx_word' id='word_1_125' title='bbox 707 1330 729 1415; x_wconf 85' lang='grc' dir='ltr'><em>ή</em></span> <span class='ocrx_word' id='word_1_126' title='bbox 741 1336 948 1421; x_wconf 85' lang='grc' dir='ltr'><em>χρωματικῆς</em></span> <span class='ocrx_word' id='word_1_127' title='bbox 959 1331 980 1417; x_wconf 77' lang='grc' dir='ltr'><em>ἢ</em></span> <span class='ocrx_word' id='word_1_128' title='bbox 993 1332 1149 1402; x_wconf 85' lang='grc' dir='ltr'><em>διατόνου</em></span> <span class='ocrx_word' id='word_1_129' title='bbox 1161 1339 1212 1401; x_wconf 81' lang='grc' dir='ltr'><em>ἐπὶ</em></span> <span class='ocrx_word' id='word_1_130' title='bbox 1223 1330 1415 1421; x_wconf 82' lang='grc' dir='ltr'><em>παρανήτην</em></span> <span class='ocrx_word' id='word_1_131' title='bbox 1433 1331 1659 1420; x_wconf 77' lang='grc' dir='ltr'><em>ὑπερβολαίων</em></span> <span class='ocrx_word' id='word_1_132' title='bbox 1674 1334 1870 1420; x_wconf 77' lang='grc' dir='ltr'><em>ἐναρμόνιον</em></span> 
     </span>
     <span class='ocr_line' id='line_1_11' title="bbox 234 1431 1870 1528; baseline -0.003 -21"><span class='ocrx_word' id='word_1_133' title='bbox 234 1438 508 1528; x_wconf 80' lang='grc' dir='ltr'><em>ἢχρωματικόνή</em></span> <span class='ocrx_word' id='word_1_134' title='bbox 528 1439 694 1507; x_wconf 85' lang='grc' dir='ltr'><em>διάτονον·</em></span> <span class='ocrx_word' id='word_1_135' title='bbox 717 1433 837 1521; x_wconf 77' lang='grc' dir='ltr'><em>ὄγδοον</em></span> <span class='ocrx_word' id='word_1_136' title='bbox 854 1438 899 1525; x_wconf 80' lang='grc' dir='ltr'>δὲ,</span> <span class='ocrx_word' id='word_1_137' title='bbox 921 1431 961 1504; x_wconf 87' lang='grc' dir='ltr'>οὑ</span> <span class='ocrx_word' id='word_1_138' title='bbox 984 1435 1104 1523; x_wconf 79' lang='grc' dir='ltr'><em>όμδοος</em></span> <span class='ocrx_word' id='word_1_139' title='bbox 1125 1433 1144 1504; x_wconf 90' lang='grc' dir='ltr'><em>ό</em></span> <span class='ocrx_word' id='word_1_140' title='bbox 1165 1435 1262 1514; x_wconf 88' lang='grc' dir='ltr'><em>τόνος</em></span> <span class='ocrx_word' id='word_1_141' title='bbox 1284 1442 1368 1504; x_wconf 77' lang='grc' dir='ltr'><em>ἐστὶν</em></span> <span class='ocrx_word' id='word_1_142' title='bbox 1390 1440 1442 1502; x_wconf 78' lang='grc' dir='ltr'>ἐπὶ</span> <span class='ocrx_word' id='word_1_143' title='bbox 1464 1432 1503 1501; x_wconf 89' lang='grc' dir='ltr'>τό</span> <span class='ocrx_word' id='word_1_144' title='bbox 1524 1431 1583 1518; x_wconf 84' lang='grc' dir='ltr'><em>όξὺ</em></span> <span class='ocrx_word' id='word_1_145' title='bbox 1604 1433 1671 1502; x_wconf 88' lang='grc' dir='ltr'>άπό</span> <span class='ocrx_word' id='word_1_146' title='bbox 1694 1443 1796 1522; x_wconf 80' lang='grc' dir='ltr'><em>μέσης</em></span> <span class='ocrx_word' id='word_1_147' title='bbox 1817 1442 1870 1503; x_wconf 78' lang='grc' dir='ltr'>ἐπὶ</span> 
     </span>
     <span class='ocr_line' id='line_1_12' title="bbox 233 1535 1870 1631; baseline -0.004 -20"><span class='ocrx_word' id='word_1_148' title='bbox 233 1545 337 1625; x_wconf 90' lang='grc' dir='ltr'><em>νήτην</em></span> <span class='ocrx_word' id='word_1_149' title='bbox 358 1541 592 1629; x_wconf 79' lang='grc' dir='ltr'><em>ὑπερβολαίων.</em></span> <span class='ocrx_word' id='word_1_150' title='bbox 630 1539 681 1605; x_wconf 90' lang='grc'>63.</span> <span class='ocrx_word' id='word_1_151' title='bbox 708 1537 813 1605; x_wconf 79' lang='grc' dir='ltr'><em>Τόπον</em></span> <span class='ocrx_word' id='word_1_152' title='bbox 835 1542 949 1631; x_wconf 83' lang='grc' dir='ltr'><em>φωνῆς</em></span> <span class='ocrx_word' id='word_1_153' title='bbox 969 1547 1127 1628; x_wconf 83' lang='grc' dir='ltr'><em>τέσσαρες·</em></span> <span class='ocrx_word' id='word_1_154' title='bbox 1148 1536 1353 1619; x_wconf 83' lang='grc' dir='ltr'><em>ὑπατοειδής,</em></span> <span class='ocrx_word' id='word_1_155' title='bbox 1375 1535 1550 1623; x_wconf 62' lang='lat' dir='ltr'>peucetios»</span> <span class='ocrx_word' id='word_1_156' title='bbox 1573 1536 1754 1620; x_wconf 84' lang='grc' dir='ltr'><em>νητοειδής,</em></span> <span class='ocrx_word' id='word_1_157' title='bbox 1779 1537 1870 1624; x_wconf 83' lang='grc' dir='ltr'><em>ὑπερ-</em></span> 
     </span>
    </p>
   </div>
   <div class='ocr_carea' id='block_1_3' title="bbox 234 1674 1869 1834">
    <p class='ocr_par' dir='ltr' id='par_1_3' title="bbox 234 1674 1869 1834">
     <span class='ocr_line' id='line_1_13' title="bbox 302 1674 1869 1750; baseline -0.005 -15"><span class='ocrx_word' id='word_1_158' title='bbox 302 1682 344 1737; x_wconf 77' lang='lat'>62.</span> <span class='ocrx_word' id='word_1_159' title='bbox 384 1683 503 1734; x_wconf 84' lang='lat' dir='ltr'>Vueuune</span> <span class='ocrx_word' id='word_1_160' title='bbox 520 1682 638 1750; x_wconf 78' lang='lat' dir='ltr'>epatium</span> <span class='ocrx_word' id='word_1_161' title='bbox 656 1679 726 1732; x_wconf 84' lang='lat' dir='ltr'>inter</span> <span class='ocrx_word' id='word_1_162' title='bbox 743 1681 796 1728; x_wconf 76' lang='lat' dir='ltr'>ioue</span> <span class='ocrx_word' id='word_1_163' title='bbox 813 1683 840 1729; x_wconf 88' lang='lat' dir='ltr'>et</span> <span class='ocrx_word' id='word_1_164' title='bbox 858 1675 974 1749; x_wconf 77' lang='grc' dir='ltr'><em>δεύτερον</em></span> <span class='ocrx_word' id='word_1_165' title='bbox 992 1681 1020 1733; x_wconf 86' lang='lat' dir='ltr'>in</span> <span class='ocrx_word' id='word_1_166' title='bbox 1039 1681 1113 1732; x_wconf 84' lang='lat' dir='ltr'>codd.</span> <span class='ocrx_word' id='word_1_167' title='bbox 1132 1696 1159 1747; x_wconf 82' lang='grc' dir='ltr'>μ.</span> <span class='ocrx_word' id='word_1_168' title='bbox 1177 1684 1205 1732; x_wconf 88' lang='lat' dir='ltr'>et</span> <span class='ocrx_word' id='word_1_169' title='bbox 1223 1696 1250 1727; x_wconf 87' lang='grc' dir='ltr'><em>π.</em></span> <span class='ocrx_word' id='word_1_170' title='bbox 1268 1678 1394 1731; x_wconf 82' lang='lat' dir='ltr'>rciietuen</span> <span class='ocrx_word' id='word_1_171' title='bbox 1411 1685 1469 1740; x_wconf 75' lang='lat' dir='ltr'>cst5</span> <span class='ocrx_word' id='word_1_172' title='bbox 1486 1679 1550 1731; x_wconf 84' lang='lat' dir='ltr'>item</span> <span class='ocrx_word' id='word_1_173' title='bbox 1567 1678 1597 1730; x_wconf 79' lang='lat' dir='ltr'>io</span> <span class='ocrx_word' id='word_1_174' title='bbox 1613 1675 1647 1741; x_wconf 79' lang='lat' dir='ltr'>B,</span> <span class='ocrx_word' id='word_1_175' title='bbox 1665 1677 1714 1744; x_wconf 80' lang='lat' dir='ltr'>qui</span> <span class='ocrx_word' id='word_1_176' title='bbox 1729 1695 1783 1746; x_wconf 81' lang='lat' dir='ltr'>pro</span> <span class='ocrx_word' id='word_1_177' title='bbox 1802 1674 1869 1742; x_wconf 81' lang='grc' dir='ltr'><em>σχή-</em></span> 
     </span>
     <span class='ocr_line' id='line_1_14' title="bbox 234 1755 1846 1834; baseline -0.009 -11"><span class='ocrx_word' id='word_1_178' title='bbox 234 1763 306 1834; x_wconf 72' lang='grc' dir='ltr'><em>ματά</em></span> <span class='ocrx_word' id='word_1_179' title='bbox 323 1771 375 1818; x_wconf 70' lang='grc' dir='ltr'><em>ἔστι</em></span> <span class='ocrx_word' id='word_1_180' title='bbox 392 1761 622 1834; x_wconf 76' lang='grc' dir='ltr'><em>ὑπότίυχήμοτός</em></span> <span class='ocrx_word' id='word_1_181' title='bbox 639 1765 697 1814; x_wconf 69' lang='grc' dir='ltr'><em>ἐστι.</em></span> <span class='ocrx_word' id='word_1_182' title='bbox 716 1788 750 1801; x_wconf 89' lang='grc'>-</span> <span class='ocrx_word' id='word_1_183' title='bbox 768 1767 887 1831; x_wconf 75' lang='grc' dir='ltr'><em>τέταρτον</em></span> <span class='ocrx_word' id='word_1_184' title='bbox 905 1759 919 1815; x_wconf 92' lang='grc' dir='ltr'><em>ό</em></span> <span class='ocrx_word' id='word_1_185' title='bbox 937 1760 1013 1822; x_wconf 87' lang='grc' dir='ltr'><em>τόνος</em></span> <span class='ocrx_word' id='word_1_186' title='bbox 1030 1783 1056 1815; x_wconf 89' lang='grc' dir='ltr'><em>π.</em></span> <span class='ocrx_word' id='word_1_187' title='bbox 1075 1766 1109 1817; x_wconf 85' lang='lat' dir='ltr'>B.</span> <span class='ocrx_word' id='word_1_188' title='bbox 1127 1790 1159 1800; x_wconf 97' lang='lat'><em>-</em></span> <span class='ocrx_word' id='word_1_189' title='bbox 1177 1761 1247 1814; x_wconf 65' lang='lat' dir='ltr'>{ireos</span> <span class='ocrx_word' id='word_1_190' title='bbox 1265 1762 1291 1813; x_wconf 79' lang='grc' dir='ltr'>δὲ</span> <span class='ocrx_word' id='word_1_191' title='bbox 1306 1762 1374 1820; x_wconf 71' lang='lat' dir='ltr'>innoc</span> <span class='ocrx_word' id='word_1_192' title='bbox 1392 1763 1424 1815; x_wconf 89' lang='lat' dir='ltr'>P.</span> <span class='ocrx_word' id='word_1_193' title='bbox 1443 1787 1475 1800; x_wconf 87' lang='lat'>-</span> <span class='ocrx_word' id='word_1_194' title='bbox 1494 1763 1536 1812; x_wconf 71' lang='lat' dir='ltr'>tut</span> <span class='ocrx_word' id='word_1_195' title='bbox 1552 1765 1637 1831; x_wconf 83' lang='grc' dir='ltr'><em>τρίτης</em></span> <span class='ocrx_word' id='word_1_196' title='bbox 1654 1755 1745 1830; x_wconf 85' lang='grc' dir='ltr'><em>ὑπερβ.</em></span> <span class='ocrx_word' id='word_1_197' title='bbox 1765 1779 1794 1830; x_wconf 82' lang='lat' dir='ltr'>p.</span> <span class='ocrx_word' id='word_1_198' title='bbox 1814 1787 1846 1800; x_wconf 71' lang='grc' dir='ltr'>ι-</span> 
     </span>
    </p>
   </div>
   <div class='ocr_carea' id='block_1_4' title="bbox 234 2025 1874 2961">
    <p class='ocr_par' dir='ltr' id='par_1_4' title="bbox 234 2025 1874 2451">
     <span class='ocr_line' id='line_1_15' title="bbox 234 2025 1873 2111; baseline -0.004 -20"><span class='ocrx_word' id='word_1_199' title='bbox 234 2035 278 2091; x_wconf 90' lang='lat' dir='ltr'>bic</span> <span class='ocrx_word' id='word_1_200' title='bbox 300 2038 365 2103; x_wconf 83' lang='lat' dir='ltr'>sint,</span> <span class='ocrx_word' id='word_1_201' title='bbox 387 2038 414 2092; x_wconf 93' lang='lat' dir='ltr'>iu</span> <span class='ocrx_word' id='word_1_202' title='bbox 437 2044 554 2090; x_wconf 79' lang='lat' dir='ltr'>extreme</span> <span class='ocrx_word' id='word_1_203' title='bbox 574 2035 691 2090; x_wconf 76' lang='lat' dir='ltr'>sectione</span> <span class='ocrx_word' id='word_1_204' title='bbox 714 2033 780 2090; x_wconf 81' lang='lat' dir='ltr'>buce</span> <span class='ocrx_word' id='word_1_205' title='bbox 803 2033 856 2089; x_wconf 85' lang='lat' dir='ltr'>iere</span> <span class='ocrx_word' id='word_1_206' title='bbox 879 2030 969 2088; x_wconf 74' lang='lat' dir='ltr'>addite</span> <span class='ocrx_word' id='word_1_207' title='bbox 990 2031 1070 2090; x_wconf 77' lang='lat' dir='ltr'>fuisse</span> <span class='ocrx_word' id='word_1_208' title='bbox 1091 2044 1212 2111; x_wconf 80' lang='lat' dir='ltr'>possunt:</span> <span class='ocrx_word' id='word_1_209' title='bbox 1240 2037 1305 2086; x_wconf 79' lang='lat' dir='ltr'>inm</span> <span class='ocrx_word' id='word_1_210' title='bbox 1324 2025 1369 2084; x_wconf 86' lang='grc' dir='ltr'>οόν</span> <span class='ocrx_word' id='word_1_211' title='bbox 1387 2037 1412 2084; x_wconf 76' lang='lat' dir='ltr'>tv</span> <span class='ocrx_word' id='word_1_212' title='bbox 1429 2031 1464 2098; x_wconf 75' lang='grc' dir='ltr'>τῷ</span> <span class='ocrx_word' id='word_1_213' title='bbox 1481 2030 1588 2099; x_wconf 79' lang='grc' dir='ltr'><em>διατόνῳ</em></span> <span class='ocrx_word' id='word_1_214' title='bbox 1605 2039 1670 2100; x_wconf 70' lang='grc' dir='ltr'><em>μένει</em></span> <span class='ocrx_word' id='word_1_215' title='bbox 1686 2028 1705 2101; x_wconf 82' lang='grc' dir='ltr'><em>ή</em></span> <span class='ocrx_word' id='word_1_216' title='bbox 1722 2034 1824 2105; x_wconf 75' lang='grc' dir='ltr'><em>πρῶτον</em></span> <span class='ocrx_word' id='word_1_217' title='bbox 1841 2033 1873 2086; x_wconf 85' lang='grc' dir='ltr'>τό</span> 
     </span>
     <span class='ocr_line' id='line_1_16' title="bbox 234 2113 1873 2195; baseline 0.002 -23"><span class='ocrx_word' id='word_1_218' title='bbox 234 2118 375 2190; x_wconf 72' lang='grc' dir='ltr'><em>ἡμιτόνιον,</em></span> <span class='ocrx_word' id='word_1_219' title='bbox 393 2115 412 2190; x_wconf 82' lang='grc' dir='ltr'><em>ή</em></span> <span class='ocrx_word' id='word_1_220' title='bbox 428 2123 505 2186; x_wconf 64' lang='grc' dir='ltr'><em>τέλος,</em></span> <span class='ocrx_word' id='word_1_221' title='bbox 524 2113 543 2185; x_wconf 84' lang='grc' dir='ltr'><em>ή</em></span> <span class='ocrx_word' id='word_1_222' title='bbox 558 2125 645 2189; x_wconf 81' lang='grc' dir='ltr'><em>μίτοι.</em></span> <span class='ocrx_word' id='word_1_223' title='bbox 681 2120 770 2195; x_wconf 80' lang='lat' dir='ltr'>Ques,</span> <span class='ocrx_word' id='word_1_224' title='bbox 788 2120 810 2175; x_wconf 84' lang='lat' dir='ltr'>si</span> <span class='ocrx_word' id='word_1_225' title='bbox 828 2139 842 2174; x_wconf 81' lang='lat' dir='ltr'>e</span> <span class='ocrx_word' id='word_1_226' title='bbox 861 2116 969 2173; x_wconf 76' lang='lat' dir='ltr'>librario</span> <span class='ocrx_word' id='word_1_227' title='bbox 986 2122 1081 2176; x_wconf 74' lang='lat' dir='ltr'>omisso</span> <span class='ocrx_word' id='word_1_228' title='bbox 1100 2129 1126 2174; x_wconf 86' lang='lat' dir='ltr'>et</span> <span class='ocrx_word' id='word_1_229' title='bbox 1144 2121 1172 2174; x_wconf 89' lang='lat' dir='ltr'>in</span> <span class='ocrx_word' id='word_1_230' title='bbox 1189 2119 1303 2191; x_wconf 75' lang='lat' dir='ltr'>margine</span> <span class='ocrx_word' id='word_1_231' title='bbox 1321 2115 1409 2172; x_wconf 76' lang='lat' dir='ltr'>addite</span> <span class='ocrx_word' id='word_1_232' title='bbox 1428 2127 1508 2184; x_wconf 80' lang='lat' dir='ltr'>eruut,</span> <span class='ocrx_word' id='word_1_233' title='bbox 1526 2116 1603 2172; x_wconf 80' lang='lat' dir='ltr'>ieciic</span> <span class='ocrx_word' id='word_1_234' title='bbox 1622 2120 1699 2174; x_wconf 87' lang='lat' dir='ltr'>istutu</span> <span class='ocrx_word' id='word_1_235' title='bbox 1718 2121 1746 2174; x_wconf 88' lang='lat' dir='ltr'>iu</span> <span class='ocrx_word' id='word_1_236' title='bbox 1765 2119 1873 2176; x_wconf 77' lang='lat' dir='ltr'>modum</span> 
     </span>
     <span class='ocr_line' id='line_1_17' title="bbox 235 2197 1874 2282; baseline -0.003 -21"><span class='ocrx_word' id='word_1_237' title='bbox 235 2205 351 2261; x_wconf 76' lang='lat' dir='ltr'>mutilate</span> <span class='ocrx_word' id='word_1_238' title='bbox 374 2218 400 2262; x_wconf 89' lang='lat' dir='ltr'>ct</span> <span class='ocrx_word' id='word_1_239' title='bbox 422 2204 527 2261; x_wconf 77' lang='lat' dir='ltr'>confuse</span> <span class='ocrx_word' id='word_1_240' title='bbox 550 2205 578 2259; x_wconf 93' lang='lat' dir='ltr'>in</span> <span class='ocrx_word' id='word_1_241' title='bbox 600 2215 749 2261; x_wconf 83' lang='lat' dir='ltr'>contextum</span> <span class='ocrx_word' id='word_1_242' title='bbox 774 2206 853 2261; x_wconf 87' lang='lat' dir='ltr'>inseri</span> <span class='ocrx_word' id='word_1_243' title='bbox 876 2200 960 2257; x_wconf 87' lang='lat' dir='ltr'>eiicno</span> <span class='ocrx_word' id='word_1_244' title='bbox 978 2200 1036 2260; x_wconf 92' lang='lat' dir='ltr'>loco</span> <span class='ocrx_word' id='word_1_245' title='bbox 1055 2214 1200 2282; x_wconf 86' lang='lat' dir='ltr'>potuerunt.</span> <span class='ocrx_word' id='word_1_246' title='bbox 1236 2200 1339 2258; x_wconf 77' lang='lat' dir='ltr'>Deinde</span> <span class='ocrx_word' id='word_1_247' title='bbox 1356 2212 1420 2257; x_wconf 87' lang='lat' dir='ltr'>sect.</span> <span class='ocrx_word' id='word_1_248' title='bbox 1437 2203 1470 2256; x_wconf 79' lang='grc'>61</span> <span class='ocrx_word' id='word_1_249' title='bbox 1490 2221 1540 2257; x_wconf 82' lang='lat' dir='ltr'>vox</span> <span class='ocrx_word' id='word_1_250' title='bbox 1558 2197 1596 2265; x_wconf 82' lang='grc' dir='ltr'>όν,</span> <span class='ocrx_word' id='word_1_251' title='bbox 1615 2203 1705 2259; x_wconf 73' lang='lat' dir='ltr'>addite</span> <span class='ocrx_word' id='word_1_252' title='bbox 1724 2205 1814 2260; x_wconf 83' lang='lat' dir='ltr'>verbis</span> <span class='ocrx_word' id='word_1_253' title='bbox 1831 2209 1874 2257; x_wconf 70' lang='lat' dir='ltr'>int</span> 
     </span>
     <span class='ocr_line' id='line_1_18' title="bbox 234 2285 1871 2368; baseline 0.003 -27"><span class='ocrx_word' id='word_1_254' title='bbox 234 2289 263 2342; x_wconf 86' lang='grc' dir='ltr'>τό</span> <span class='ocrx_word' id='word_1_255' title='bbox 281 2286 325 2349; x_wconf 69' lang='grc' dir='ltr'><em>όξὺ</em></span> <span class='ocrx_word' id='word_1_256' title='bbox 344 2285 396 2343; x_wconf 82' lang='grc' dir='ltr'><em>όιιό</em></span> <span class='ocrx_word' id='word_1_257' title='bbox 414 2290 527 2356; x_wconf 82' lang='grc' dir='ltr'><em>λιχανοῡ,</em></span> <span class='ocrx_word' id='word_1_258' title='bbox 546 2287 608 2345; x_wconf 88' lang='lat' dir='ltr'>icrri</span> <span class='ocrx_word' id='word_1_259' title='bbox 626 2290 732 2366; x_wconf 85' lang='lat' dir='ltr'>quidem</span> <span class='ocrx_word' id='word_1_260' title='bbox 752 2300 851 2368; x_wconf 79' lang='lat' dir='ltr'>potest3</span> <span class='ocrx_word' id='word_1_261' title='bbox 869 2299 991 2356; x_wconf 77' lang='lat' dir='ltr'>attamen,</span> <span class='ocrx_word' id='word_1_262' title='bbox 1010 2308 1089 2365; x_wconf 87' lang='lat' dir='ltr'>quum</span> <span class='ocrx_word' id='word_1_263' title='bbox 1109 2308 1159 2344; x_wconf 80' lang='lat' dir='ltr'>vox</span> <span class='ocrx_word' id='word_1_264' title='bbox 1175 2295 1259 2358; x_wconf 78' lang='grc' dir='ltr'><em>μέσων</em></span> <span class='ocrx_word' id='word_1_265' title='bbox 1277 2288 1382 2366; x_wconf 76' lang='lat' dir='ltr'>proprie</span> <span class='ocrx_word' id='word_1_266' title='bbox 1401 2286 1547 2342; x_wconf 79' lang='lat' dir='ltr'>sriiiciendu</span> <span class='ocrx_word' id='word_1_267' title='bbox 1566 2285 1652 2356; x_wconf 83' lang='lat' dir='ltr'>fucrit,</span> <span class='ocrx_word' id='word_1_268' title='bbox 1671 2308 1705 2344; x_wconf 86' lang='lat' dir='ltr'>ex</span> <span class='ocrx_word' id='word_1_269' title='bbox 1719 2288 1772 2344; x_wconf 88' lang='lat' dir='ltr'>buc</span> <span class='ocrx_word' id='word_1_270' title='bbox 1783 2300 1871 2346; x_wconf 84' lang='lat' dir='ltr'>nutum</span> 
     </span>
     <span class='ocr_line' id='line_1_19' title="bbox 235 2368 1855 2451; baseline -0.001 -24"><span class='ocrx_word' id='word_1_271' title='bbox 235 2372 300 2430; x_wconf 85' lang='lat' dir='ltr'>iilud</span> <span class='ocrx_word' id='word_1_272' title='bbox 319 2368 351 2424; x_wconf 86' lang='grc' dir='ltr'>όν</span> <span class='ocrx_word' id='word_1_273' title='bbox 369 2372 476 2430; x_wconf 78' lang='lat' dir='ltr'>fortusse</span> <span class='ocrx_word' id='word_1_274' title='bbox 496 2392 553 2428; x_wconf 82' lang='lat' dir='ltr'>esse</span> <span class='ocrx_word' id='word_1_275' title='bbox 573 2385 644 2428; x_wconf 85' lang='lat' dir='ltr'>recte</span> <span class='ocrx_word' id='word_1_276' title='bbox 663 2376 792 2429; x_wconf 72' lang='lat' dir='ltr'>coniicias.</span> <span class='ocrx_word' id='word_1_277' title='bbox 827 2373 848 2428; x_wconf 85' lang='lat' dir='ltr'>F</span> <span class='ocrx_word' id='word_1_278' title='bbox 849 2392 950 2428; x_wconf 78' lang='lat' dir='ltr'>ortuum</span> <span class='ocrx_word' id='word_1_279' title='bbox 967 2372 1128 2444; x_wconf 77' lang='grc' dir='ltr'><em>χρωματικόν</em></span> <span class='ocrx_word' id='word_1_280' title='bbox 1145 2394 1192 2451; x_wconf 90' lang='lat' dir='ltr'>pro</span> <span class='ocrx_word' id='word_1_281' title='bbox 1208 2370 1373 2444; x_wconf 75' lang='grc' dir='ltr'><em>χρωματικόν</em></span> <span class='ocrx_word' id='word_1_282' title='bbox 1391 2371 1521 2429; x_wconf 84' lang='lat' dir='ltr'>interdum</span> <span class='ocrx_word' id='word_1_283' title='bbox 1541 2374 1653 2449; x_wconf 80' lang='lat' dir='ltr'>positum</span> <span class='ocrx_word' id='word_1_284' title='bbox 1673 2393 1724 2429; x_wconf 89' lang='lat' dir='ltr'>nou</span> <span class='ocrx_word' id='word_1_285' title='bbox 1743 2375 1855 2430; x_wconf 83' lang='lat' dir='ltr'>correxi.</span> 
     </span>
    </p>

    <p class='ocr_par' dir='ltr' id='par_1_5' title="bbox 234 2456 1873 2961">
     <span class='ocr_line' id='line_1_20' title="bbox 303 2456 1872 2535; baseline 0.001 -22"><span class='ocrx_word' id='word_1_286' title='bbox 303 2460 345 2515; x_wconf 77' lang='lat'>62.</span> <span class='ocrx_word' id='word_1_287' title='bbox 380 2458 455 2533; x_wconf 79' lang='lat' dir='ltr'>Quae</span> <span class='ocrx_word' id='word_1_288' title='bbox 476 2457 508 2513; x_wconf 83' lang='lat' dir='ltr'>dc</span> <span class='ocrx_word' id='word_1_289' title='bbox 527 2457 651 2531; x_wconf 74' lang='lat' dir='ltr'>diapason</span> <span class='ocrx_word' id='word_1_290' title='bbox 670 2459 852 2512; x_wconf 73' lang='lat' dir='ltr'>consonantiae</span> <span class='ocrx_word' id='word_1_291' title='bbox 869 2458 1009 2534; x_wconf 77' lang='lat' dir='ltr'>speciebus</span> <span class='ocrx_word' id='word_1_292' title='bbox 1027 2457 1072 2513; x_wconf 87' lang='lat' dir='ltr'>hic</span> <span class='ocrx_word' id='word_1_293' title='bbox 1089 2458 1217 2524; x_wconf 79' lang='lat' dir='ltr'>dicuntur,</span> <span class='ocrx_word' id='word_1_294' title='bbox 1236 2460 1258 2513; x_wconf 87' lang='lat' dir='ltr'>si</span> <span class='ocrx_word' id='word_1_295' title='bbox 1270 2477 1330 2513; x_wconf 90' lang='lat' dir='ltr'>cum</span> <span class='ocrx_word' id='word_1_296' title='bbox 1342 2458 1437 2514; x_wconf 87' lang='lat' dir='ltr'>ceteris</span> <span class='ocrx_word' id='word_1_297' title='bbox 1448 2456 1557 2513; x_wconf 78' lang='lat' dir='ltr'>Graecis</span> <span class='ocrx_word' id='word_1_298' title='bbox 1570 2459 1744 2534; x_wconf 74' lang='lat' dir='ltr'><strong>scriptoribus</strong></span> <span class='ocrx_word' id='word_1_299' title='bbox 1758 2480 1872 2535; x_wconf 81' lang='lat' dir='ltr'>congruo</span> 
     </span>
     <span class='ocr_line' id='line_1_21' title="bbox 235 2536 1869 2615; baseline 0 -19"><span class='ocrx_word' id='word_1_300' title='bbox 235 2540 321 2597; x_wconf 78' lang='lat' dir='ltr'>iacere</span> <span class='ocrx_word' id='word_1_301' title='bbox 343 2540 423 2613; x_wconf 78' lang='lat' dir='ltr'>veiis,</span> <span class='ocrx_word' id='word_1_302' title='bbox 449 2540 601 2600; x_wconf 77' lang='lat' dir='ltr'>mutandum</span> <span class='ocrx_word' id='word_1_303' title='bbox 626 2545 661 2597; x_wconf 83' lang='lat' dir='ltr'>stt</span> <span class='ocrx_word' id='word_1_304' title='bbox 683 2540 801 2613; x_wconf 78' lang='grc' dir='ltr'><em>δεόττρον</em></span> <span class='ocrx_word' id='word_1_305' title='bbox 822 2536 914 2594; x_wconf 72' lang='grc' dir='ltr'><em>δ’ἐστὶν</em></span> <span class='ocrx_word' id='word_1_306' title='bbox 937 2550 964 2595; x_wconf 87' lang='lat' dir='ltr'>et</span> <span class='ocrx_word' id='word_1_307' title='bbox 987 2541 1101 2613; x_wconf 84' lang='grc' dir='ltr'><em>δτότερος</em></span> <span class='ocrx_word' id='word_1_308' title='bbox 1123 2544 1148 2597; x_wconf 92' lang='lat' dir='ltr'>iu</span> <span class='ocrx_word' id='word_1_309' title='bbox 1166 2544 1265 2613; x_wconf 74' lang='grc' dir='ltr'><em>πρῶτον</em></span> <span class='ocrx_word' id='word_1_310' title='bbox 1281 2548 1327 2610; x_wconf 75' lang='grc' dir='ltr'><em>μέν</em></span> <span class='ocrx_word' id='word_1_311' title='bbox 1345 2547 1410 2594; x_wconf 71' lang='grc' dir='ltr'><em>ἐστιν</em></span> <span class='ocrx_word' id='word_1_312' title='bbox 1428 2552 1455 2596; x_wconf 90' lang='lat' dir='ltr'>ct</span> <span class='ocrx_word' id='word_1_313' title='bbox 1472 2543 1576 2614; x_wconf 76' lang='grc' dir='ltr'><em>πρῶτος,</em></span> <span class='ocrx_word' id='word_1_314' title='bbox 1594 2550 1681 2612; x_wconf 84' lang='grc' dir='ltr'><em>τρίτον</em></span> <span class='ocrx_word' id='word_1_315' title='bbox 1699 2554 1725 2600; x_wconf 89' lang='lat' dir='ltr'>et</span> <span class='ocrx_word' id='word_1_316' title='bbox 1740 2551 1824 2615; x_wconf 80' lang='grc' dir='ltr'><em>τρίτος</em></span> <span class='ocrx_word' id='word_1_317' title='bbox 1842 2547 1869 2600; x_wconf 87' lang='lat' dir='ltr'>in</span> 
     </span>
     <span class='ocr_line' id='line_1_22' title="bbox 236 2624 1868 2705; baseline 0.002 -25"><span class='ocrx_word' id='word_1_318' title='bbox 236 2626 351 2699; x_wconf 70' lang='grc' dir='ltr'><em>δεύτερον</em></span> <span class='ocrx_word' id='word_1_319' title='bbox 375 2638 402 2684; x_wconf 87' lang='lat' dir='ltr'>et</span> <span class='ocrx_word' id='word_1_320' title='bbox 424 2625 540 2697; x_wconf 73' lang='grc' dir='ltr'><em>δεύτερος</em></span> <span class='ocrx_word' id='word_1_321' title='bbox 562 2637 589 2682; x_wconf 85' lang='lat' dir='ltr'>et</span> <span class='ocrx_word' id='word_1_322' title='bbox 610 2629 649 2683; x_wconf 90' lang='lat' dir='ltr'>sic</span> <span class='ocrx_word' id='word_1_323' title='bbox 671 2646 762 2705; x_wconf 82' lang='lat' dir='ltr'>porro,</span> <span class='ocrx_word' id='word_1_324' title='bbox 783 2635 813 2682; x_wconf 91' lang='lat' dir='ltr'>ut</span> <span class='ocrx_word' id='word_1_325' title='bbox 834 2633 982 2704; x_wconf 87' lang='lat' dir='ltr'>postremos</span> <span class='ocrx_word' id='word_1_326' title='bbox 1006 2646 1128 2683; x_wconf 84' lang='lat' dir='ltr'>uumerus</span> <span class='ocrx_word' id='word_1_327' title='bbox 1151 2647 1197 2704; x_wconf 90' lang='lat' dir='ltr'>pro</span> <span class='ocrx_word' id='word_1_328' title='bbox 1219 2636 1312 2682; x_wconf 78' lang='lat' dir='ltr'>octeno</span> <span class='ocrx_word' id='word_1_329' title='bbox 1337 2624 1384 2682; x_wconf 83' lang='lat' dir='ltr'>fiot</span> <span class='ocrx_word' id='word_1_330' title='bbox 1400 2626 1537 2703; x_wconf 87' lang='lat' dir='ltr'>septimus.</span> <span class='ocrx_word' id='word_1_331' title='bbox 1572 2626 1678 2684; x_wconf 80' lang='lat' dir='ltr'>Etenim</span> <span class='ocrx_word' id='word_1_332' title='bbox 1694 2629 1725 2684; x_wconf 86' lang='lat' dir='ltr'>ub</span> <span class='ocrx_word' id='word_1_333' title='bbox 1742 2629 1868 2685; x_wconf 78' lang='lat' dir='ltr'>omuibus</span> 
     </span>
     <span class='ocr_line' id='line_1_23' title="bbox 235 2710 1867 2791; baseline 0.001 -23"><span class='ocrx_word' id='word_1_334' title='bbox 235 2732 313 2791; x_wconf 80' lang='lat' dir='ltr'>supra</span> <span class='ocrx_word' id='word_1_335' title='bbox 332 2712 445 2769; x_wconf 80' lang='lat' dir='ltr'>laudatis</span> <span class='ocrx_word' id='word_1_336' title='bbox 462 2712 634 2789; x_wconf 89' lang='lat' dir='ltr'>scriptoribus</span> <span class='ocrx_word' id='word_1_337' title='bbox 651 2715 735 2790; x_wconf 86' lang='lat' dir='ltr'>primu</span> <span class='ocrx_word' id='word_1_338' title='bbox 753 2721 860 2767; x_wconf 73' lang='lat' dir='ltr'>ortum</span> <span class='ocrx_word' id='word_1_339' title='bbox 878 2712 982 2788; x_wconf 85' lang='lat' dir='ltr'>species</span> <span class='ocrx_word' id='word_1_340' title='bbox 999 2731 1028 2766; x_wconf 85' lang='lat' dir='ltr'>eu</span> <span class='ocrx_word' id='word_1_341' title='bbox 1047 2721 1163 2779; x_wconf 81' lang='lat' dir='ltr'>nocetur,</span> <span class='ocrx_word' id='word_1_342' title='bbox 1181 2731 1247 2788; x_wconf 86' lang='lat' dir='ltr'>quae</span> <span class='ocrx_word' id='word_1_343' title='bbox 1266 2722 1306 2767; x_wconf 84' lang='lat' dir='ltr'>est</span> <span class='ocrx_word' id='word_1_344' title='bbox 1322 2711 1390 2767; x_wconf 92' lang='lat' dir='ltr'>iuter</span> <span class='ocrx_word' id='word_1_345' title='bbox 1406 2710 1521 2789; x_wconf 77' lang='lat' dir='ltr'>hypaten</span> <span class='ocrx_word' id='word_1_346' title='bbox 1538 2712 1653 2790; x_wconf 73' lang='lat' dir='ltr'>hypaton</span> <span class='ocrx_word' id='word_1_347' title='bbox 1672 2723 1698 2769; x_wconf 89' lang='lat' dir='ltr'>et</span> <span class='ocrx_word' id='word_1_348' title='bbox 1712 2733 1867 2791; x_wconf 79' lang='lat' dir='ltr'>perenneseu</span> 
     </span>
     <span class='ocr_line' id='line_1_24' title="bbox 236 2795 1869 2876; baseline 0 -23"><span class='ocrx_word' id='word_1_349' title='bbox 236 2800 268 2864; x_wconf 87' lang='grc' dir='ltr'><em>(ίι</em></span> <span class='ocrx_word' id='word_1_350' title='bbox 285 2826 318 2837; x_wconf 93' lang='grc'><strong>-</strong></span> <span class='ocrx_word' id='word_1_351' title='bbox 338 2800 375 2864; x_wconf 81' lang='lat' dir='ltr'>it),</span> <span class='ocrx_word' id='word_1_352' title='bbox 394 2797 509 2854; x_wconf 80' lang='lat' dir='ltr'>secunde</span> <span class='ocrx_word' id='word_1_353' title='bbox 527 2799 626 2853; x_wconf 79' lang='lat' dir='ltr'>intere</span> <span class='ocrx_word' id='word_1_354' title='bbox 645 2808 672 2852; x_wconf 87' lang='lat' dir='ltr'>et</span> <span class='ocrx_word' id='word_1_355' title='bbox 688 2818 716 2864; x_wconf 86' lang='lat' dir='ltr'>c,</span> <span class='ocrx_word' id='word_1_356' title='bbox 735 2807 762 2851; x_wconf 88' lang='lat' dir='ltr'>et</span> <span class='ocrx_word' id='word_1_357' title='bbox 779 2797 818 2852; x_wconf 90' lang='lat' dir='ltr'>sic</span> <span class='ocrx_word' id='word_1_358' title='bbox 837 2815 928 2874; x_wconf 89' lang='lat' dir='ltr'>porro;</span> <span class='ocrx_word' id='word_1_359' title='bbox 952 2795 1013 2851; x_wconf 81' lang='lat' dir='ltr'>vide</span> <span class='ocrx_word' id='word_1_360' title='bbox 1032 2796 1140 2872; x_wconf 78' lang='lat' dir='ltr'>figuram</span> <span class='ocrx_word' id='word_1_361' title='bbox 1163 2815 1219 2873; x_wconf 68' lang='grc' dir='ltr'><em>μορ.</em></span> <span class='ocrx_word' id='word_1_362' title='bbox 1237 2798 1277 2854; x_wconf 84' lang='grc'>75.</span> <span class='ocrx_word' id='word_1_363' title='bbox 1314 2796 1348 2851; x_wconf 79' lang='grc' dir='ltr'><em>Δί</em></span> <span class='ocrx_word' id='word_1_364' title='bbox 1366 2816 1445 2872; x_wconf 79' lang='lat' dir='ltr'>quoin</span> <span class='ocrx_word' id='word_1_365' title='bbox 1464 2797 1530 2853; x_wconf 82' lang='lat' dir='ltr'>boec</span> <span class='ocrx_word' id='word_1_366' title='bbox 1548 2819 1561 2852; x_wconf 85' lang='lat' dir='ltr'>s</span> <span class='ocrx_word' id='word_1_367' title='bbox 1580 2800 1675 2855; x_wconf 85' lang='lat' dir='ltr'>ceteris</span> <span class='ocrx_word' id='word_1_368' title='bbox 1694 2797 1869 2876; x_wconf 75' lang='lat' dir='ltr'>discrepantia</span> 
     </span>
     <span class='ocr_line' id='line_1_25' title="bbox 234 2880 1873 2961; baseline 0.001 -22"><span class='ocrx_word' id='word_1_369' title='bbox 234 2882 398 2939; x_wconf 75' lang='lat' dir='ltr'>librariorum</span> <span class='ocrx_word' id='word_1_370' title='bbox 417 2884 479 2938; x_wconf 83' lang='lat' dir='ltr'>nitio</span> <span class='ocrx_word' id='word_1_371' title='bbox 498 2893 557 2937; x_wconf 82' lang='lat' dir='ltr'>nutu</span> <span class='ocrx_word' id='word_1_372' title='bbox 576 2902 634 2938; x_wconf 88' lang='lat' dir='ltr'>esse</span> <span class='ocrx_word' id='word_1_373' title='bbox 653 2881 724 2939; x_wconf 89' lang='lat' dir='ltr'>uuilo</span> <span class='ocrx_word' id='word_1_374' title='bbox 742 2881 820 2937; x_wconf 85' lang='lat' dir='ltr'>ruodo</span> <span class='ocrx_word' id='word_1_375' title='bbox 838 2884 929 2959; x_wconf 83' lang='lat' dir='ltr'>possit,</span> <span class='ocrx_word' id='word_1_376' title='bbox 947 2881 1012 2938; x_wconf 90' lang='lat' dir='ltr'>nibil</span> <span class='ocrx_word' id='word_1_377' title='bbox 1029 2884 1135 2944; x_wconf 76' lang='lat' dir='ltr'>mutavi,</span> <span class='ocrx_word' id='word_1_378' title='bbox 1153 2882 1201 2937; x_wconf 89' lang='lat' dir='ltr'>sed</span> <span class='ocrx_word' id='word_1_379' title='bbox 1220 2880 1338 2939; x_wconf 80' lang='lat' dir='ltr'>laconum</span> <span class='ocrx_word' id='word_1_380' title='bbox 1357 2885 1383 2938; x_wconf 91' lang='lat' dir='ltr'>iu</span> <span class='ocrx_word' id='word_1_381' title='bbox 1402 2881 1478 2940; x_wconf 87' lang='lat' dir='ltr'><strong>codd.</strong></span> <span class='ocrx_word' id='word_1_382' title='bbox 1499 2904 1525 2961; x_wconf 87' lang='lat' dir='ltr'>p.</span> <span class='ocrx_word' id='word_1_383' title='bbox 1544 2892 1571 2937; x_wconf 90' lang='lat' dir='ltr'>et</span> <span class='ocrx_word' id='word_1_384' title='bbox 1589 2905 1614 2939; x_wconf 87' lang='grc' dir='ltr'><em>π.</em></span> <span class='ocrx_word' id='word_1_385' title='bbox 1632 2901 1715 2939; x_wconf 80' lang='lat' dir='ltr'>vacuo</span> <span class='ocrx_word' id='word_1_386' title='bbox 1732 2886 1816 2960; x_wconf 76' lang='lat' dir='ltr'>spatio</span> <span class='ocrx_word' id='word_1_387' title='bbox 1831 2886 1873 2940; x_wconf 92' lang='lat' dir='ltr'>iu·</span> 
     </span>
    </p>
   </div>
   <div class='ocr_carea' id='block_1_5' title="bbox 141 2966 1875 3045">
    <p class='ocr_par' dir='ltr' id='par_1_6' title="bbox 141 2966 1875 3045">
     <span class='ocr_line' id='line_1_26' title="bbox 141 2966 1875 3045; baseline 0.002 -23"><span class='ocrx_word' id='word_1_388' title='bbox 141 2983 142 2986; x_wconf 77' lang='grc'>’</span> <span class='ocrx_word' id='word_1_389' title='bbox 235 2967 347 3022; x_wconf 76' lang='lat' dir='ltr'>dicatam</span> <span class='ocrx_word' id='word_1_390' title='bbox 366 2967 482 3045; x_wconf 76' lang='lat' dir='ltr'>explevi.</span> <span class='ocrx_word' id='word_1_391' title='bbox 499 2970 619 3044; x_wconf 84' lang='lat' dir='ltr'>quemvis</span> <span class='ocrx_word' id='word_1_392' title='bbox 637 2966 702 3022; x_wconf 80' lang='lat' dir='ltr'>brec</span> <span class='ocrx_word' id='word_1_393' title='bbox 719 2969 829 3022; x_wconf 86' lang='lat' dir='ltr'>sectioni</span> <span class='ocrx_word' id='word_1_394' title='bbox 847 2969 881 3021; x_wconf 84' lang='lat'>59</span> <span class='ocrx_word' id='word_1_395' title='bbox 898 2977 1056 3044; x_wconf 75' lang='lat' dir='ltr'>repugnent,</span> <span class='ocrx_word' id='word_1_396' title='bbox 1074 2968 1119 3024; x_wconf 90' lang='lat' dir='ltr'>ubi</span> <span class='ocrx_word' id='word_1_397' title='bbox 1136 2978 1237 3043; x_wconf 87' lang='lat' dir='ltr'>septem</span> <span class='ocrx_word' id='word_1_398' title='bbox 1256 2977 1362 3024; x_wconf 81' lang='lat' dir='ltr'>octuvue</span> <span class='ocrx_word' id='word_1_399' title='bbox 1380 2970 1483 3044; x_wconf 86' lang='lat' dir='ltr'>species</span> <span class='ocrx_word' id='word_1_400' title='bbox 1501 2988 1558 3024; x_wconf 86' lang='lat' dir='ltr'>esse</span> <span class='ocrx_word' id='word_1_401' title='bbox 1578 2967 1715 3025; x_wconf 85' lang='lat' dir='ltr'>dicuutur.&#39;</span> <span class='ocrx_word' id='word_1_402' title='bbox 1742 2968 1875 3026; x_wconf 77' lang='lat' dir='ltr'>Similiter</span> 
     </span>
    </p>
   </div>
   <div class='ocr_carea' id='block_1_6' title="bbox 235 3050 1875 3209">
    <p class='ocr_par' dir='ltr' id='par_1_7' title="bbox 235 3050 1875 3209">
     <span class='ocr_line' id='line_1_27' title="bbox 235 3050 1875 3130; baseline 0.004 -24"><span class='ocrx_word' id='word_1_403' title='bbox 235 3051 403 3120; x_wconf 83' lang='lat' dir='ltr'>Boethius,</span> <span class='ocrx_word' id='word_1_404' title='bbox 426 3063 564 3129; x_wconf 79' lang='lat' dir='ltr'>postquam</span> <span class='ocrx_word' id='word_1_405' title='bbox 587 3053 655 3108; x_wconf 92' lang='lat' dir='ltr'>libro</span> <span class='ocrx_word' id='word_1_406' title='bbox 673 3050 711 3108; x_wconf 83' lang='lat' dir='ltr'>lv</span> <span class='ocrx_word' id='word_1_407' title='bbox 737 3073 760 3108; x_wconf 87' lang='lat' dir='ltr'>c.</span> <span class='ocrx_word' id='word_1_408' title='bbox 782 3055 814 3106; x_wconf 87' lang='grc'>13</span> <span class='ocrx_word' id='word_1_409' title='bbox 835 3063 938 3127; x_wconf 87' lang='lat' dir='ltr'>septem</span> <span class='ocrx_word' id='word_1_410' title='bbox 957 3051 1043 3107; x_wconf 78' lang='lat' dir='ltr'>attulit</span> <span class='ocrx_word' id='word_1_411' title='bbox 1061 3050 1185 3128; x_wconf 79' lang='lat' dir='ltr'>diepason</span> <span class='ocrx_word' id='word_1_412' title='bbox 1203 3055 1321 3130; x_wconf 83' lang='lat' dir='ltr'>species,</span> <span class='ocrx_word' id='word_1_413' title='bbox 1345 3073 1400 3130; x_wconf 75' lang='lat' dir='ltr'>cup.</span> <span class='ocrx_word' id='word_1_414' title='bbox 1421 3055 1452 3107; x_wconf 84' lang='lat'>16</span> <span class='ocrx_word' id='word_1_415' title='bbox 1471 3053 1536 3108; x_wconf 89' lang='lat' dir='ltr'>bucc</span> <span class='ocrx_word' id='word_1_416' title='bbox 1554 3050 1668 3109; x_wconf 79' lang='lat' dir='ltr'>addidit:</span> <span class='ocrx_word' id='word_1_417' title='bbox 1707 3059 1763 3112; x_wconf 81' lang='lat' dir='ltr'>Cur</span> <span class='ocrx_word' id='word_1_418' title='bbox 1779 3067 1875 3113; x_wconf 78' lang='lat' dir='ltr'>sutem</span> 
     </span>
     <span class='ocr_line' id='line_1_28' title="bbox 236 3140 1836 3209; baseline 0.001 -15"><span class='ocrx_word' id='word_1_419' title='bbox 236 3149 346 3194; x_wconf 85' lang='lat' dir='ltr'>octueue</span> <span class='ocrx_word' id='word_1_420' title='bbox 363 3142 464 3204; x_wconf 72' lang='lat' dir='ltr'>modus,</span> <span class='ocrx_word' id='word_1_421' title='bbox 483 3142 532 3207; x_wconf 85' lang='lat' dir='ltr'>qui</span> <span class='ocrx_word' id='word_1_422' title='bbox 549 3148 588 3193; x_wconf 84' lang='lat' dir='ltr'>eet</span> <span class='ocrx_word' id='word_1_423' title='bbox 610 3140 868 3208; x_wconf 78' lang='grc' dir='ltr'><em>Ηηροττπίτοίηόίιιτ,</em></span> <span class='ocrx_word' id='word_1_424' title='bbox 885 3142 1005 3193; x_wconf 78' lang='lat' dir='ltr'>adiectus</span> <span class='ocrx_word' id='word_1_425' title='bbox 1022 3146 1077 3203; x_wconf 82' lang='lat' dir='ltr'>cet,</span> <span class='ocrx_word' id='word_1_426' title='bbox 1096 3141 1156 3192; x_wconf 78' lang='lat' dir='ltr'>irinc</span> <span class='ocrx_word' id='word_1_427' title='bbox 1172 3146 1256 3208; x_wconf 79' lang='lat' dir='ltr'>putet.</span> <span class='ocrx_word' id='word_1_428' title='bbox 1291 3141 1334 3194; x_wconf 84' lang='lat' dir='ltr'>Sit</span> <span class='ocrx_word' id='word_1_429' title='bbox 1352 3142 1391 3193; x_wconf 78' lang='lat' dir='ltr'>bie</span> <span class='ocrx_word' id='word_1_430' title='bbox 1411 3142 1542 3209; x_wconf 77' lang='lat' dir='ltr'>diopoeon</span> <span class='ocrx_word' id='word_1_431' title='bbox 1559 3145 1740 3197; x_wconf 72' lang='lat' dir='ltr'>consonantia</span> <span class='ocrx_word' id='word_1_432' title='bbox 1757 3145 1836 3199; x_wconf 76' lang='lat' dir='ltr'>tneo:</span> 
     </span>
    </p>
   </div>
   <div class='ocr_carea' id='block_1_7' title="bbox 445 3227 1721 3298">
    <p class='ocr_par' dir='ltr' id='par_1_8' title="bbox 445 3227 1721 3298">
     <span class='ocr_line' id='line_1_29' title="bbox 445 3227 1721 3298; baseline 0.005 -7"><span class='ocrx_word' id='word_1_433' title='bbox 445 3227 1721 3298; x_wconf 72' lang='lat' dir='ltr'>Anconeofltttnnnon¹</span> 
     </span>
    </p>
   </div>
   <div class='ocr_carea' id='block_1_8' title="bbox 454 3304 1443 3404">
    <p class='ocr_par' dir='ltr' id='par_1_9' title="bbox 454 3304 1443 3404">
     <span class='ocr_line' id='line_1_30' title="bbox 454 3304 1443 3404; baseline -0.002 0"><span class='ocrx_word' id='word_1_434' title='bbox 454 3304 1051 3404; x_wconf 73' lang='lat' dir='ltr'>iiiiii!</span> <span class='ocrx_word' id='word_1_435' title='bbox 1300 3307 1443 3402; x_wconf 84' lang='lat' dir='ltr'>i·</span> 
     </span>
    </p>
   </div>
   <div class='ocr_carea' id='block_1_9' title="bbox 184 3459 1877 4990">
    <p class='ocr_par' dir='ltr' id='par_1_10' title="bbox 184 3459 1877 4642">
     <span class='ocr_line' id='line_1_31' title="bbox 237 3459 1877 3530; baseline 0.003 -14"><span class='ocrx_word' id='word_1_436' title='bbox 237 3463 377 3530; x_wconf 83' lang='lat' dir='ltr'>Diupueon</span> <span class='ocrx_word' id='word_1_437' title='bbox 397 3459 487 3528; x_wconf 85' lang='lat' dir='ltr'>igitur</span> <span class='ocrx_word' id='word_1_438' title='bbox 509 3460 712 3512; x_wconf 76' lang='lat' dir='ltr'>consonantium</span> <span class='ocrx_word' id='word_1_439' title='bbox 732 3467 824 3512; x_wconf 78' lang='lat' dir='ltr'>cerunt</span> <span class='ocrx_word' id='word_1_440' title='bbox 848 3463 871 3513; x_wconf 82' lang='lat' dir='ltr'><em>A</em></span> <span class='ocrx_word' id='word_1_441' title='bbox 893 3461 929 3511; x_wconf 86' lang='grc' dir='ltr'>οιί</span> <span class='ocrx_word' id='word_1_442' title='bbox 951 3460 992 3523; x_wconf 84' lang='lat' dir='ltr'>id,</span> <span class='ocrx_word' id='word_1_443' title='bbox 1018 3461 1091 3527; x_wconf 81' lang='lat' dir='ltr'>quod</span> <span class='ocrx_word' id='word_1_444' title='bbox 1111 3467 1151 3512; x_wconf 83' lang='lat' dir='ltr'>eet</span> <span class='ocrx_word' id='word_1_445' title='bbox 1174 3459 1215 3510; x_wconf 85' lang='lat' dir='ltr'>H:</span> <span class='ocrx_word' id='word_1_446' title='bbox 1244 3467 1303 3512; x_wconf 88' lang='lat' dir='ltr'>octo</span> <span class='ocrx_word' id='word_1_447' title='bbox 1328 3463 1396 3513; x_wconf 84' lang='lat' dir='ltr'>cuim</span> <span class='ocrx_word' id='word_1_448' title='bbox 1417 3464 1524 3515; x_wconf 82' lang='lat' dir='ltr'>uocibus</span> <span class='ocrx_word' id='word_1_449' title='bbox 1545 3465 1708 3518; x_wconf 70' lang='lat' dir='ltr'>continetur.</span> <span class='ocrx_word' id='word_1_450' title='bbox 1750 3466 1877 3521; x_wconf 70' lang='lat' dir='ltr'>Priorum</span> 
     </span>
     <span class='ocr_line' id='line_1_32' title="bbox 236 3545 1877 3618; baseline 0.004 -18"><span class='ocrx_word' id='word_1_451' title='bbox 236 3549 325 3617; x_wconf 84' lang='lat' dir='ltr'>igitur</span> <span class='ocrx_word' id='word_1_452' title='bbox 344 3547 454 3600; x_wconf 78' lang='lat' dir='ltr'>dicineus</span> <span class='ocrx_word' id='word_1_453' title='bbox 472 3563 529 3598; x_wconf 82' lang='lat' dir='ltr'>ecee</span> <span class='ocrx_word' id='word_1_454' title='bbox 546 3546 659 3614; x_wconf 79' lang='lat' dir='ltr'>speeiem</span> <span class='ocrx_word' id='word_1_455' title='bbox 676 3546 808 3614; x_wconf 73' lang='lat' dir='ltr'>diapason</span> <span class='ocrx_word' id='word_1_456' title='bbox 826 3563 892 3605; x_wconf 86' lang='lat' dir='ltr'>eum,</span> <span class='ocrx_word' id='word_1_457' title='bbox 910 3563 980 3612; x_wconf 85' lang='lat' dir='ltr'>quoe</span> <span class='ocrx_word' id='word_1_458' title='bbox 998 3552 1038 3597; x_wconf 83' lang='lat' dir='ltr'>est</span> <span class='ocrx_word' id='word_1_459' title='bbox 1058 3545 1123 3607; x_wconf 84' lang='lat' dir='ltr'><strong><em>AH,·</em></strong></span> <span class='ocrx_word' id='word_1_460' title='bbox 1140 3548 1282 3598; x_wconf 79' lang='lat' dir='ltr'>eecundum</span> <span class='ocrx_word' id='word_1_461' title='bbox 1299 3564 1362 3599; x_wconf 83' lang='lat' dir='ltr'>uero</span> <span class='ocrx_word' id='word_1_462' title='bbox 1379 3545 1419 3600; x_wconf 86' lang='lat' dir='ltr'>Bi</span> <span class='ocrx_word' id='word_1_463' title='bbox 1425 3565 1435 3608; x_wconf 75' lang='grc' dir='ltr'>ς</span> <span class='ocrx_word' id='word_1_464' title='bbox 1453 3548 1562 3600; x_wconf 84' lang='lat' dir='ltr'>tertium</span> <span class='ocrx_word' id='word_1_465' title='bbox 1579 3551 1644 3613; x_wconf 84' lang='lat' dir='ltr'>CK‚·</span> <span class='ocrx_word' id='word_1_466' title='bbox 1661 3559 1790 3618; x_wconf 77' lang='lat' dir='ltr'>quartam</span> <span class='ocrx_word' id='word_1_467' title='bbox 1806 3554 1877 3616; x_wconf 78' lang='lat' dir='ltr'>oc,-</span> 
     </span>
     <span class='ocr_line' id='line_1_33' title="bbox 236 3627 1876 3705; baseline 0.004 -20"><span class='ocrx_word' id='word_1_468' title='bbox 236 3634 358 3701; x_wconf 81' lang='lat' dir='ltr'>quintum</span> <span class='ocrx_word' id='word_1_469' title='bbox 377 3633 447 3693; x_wconf 60' lang='lat' dir='ltr'>nou·</span> <span class='ocrx_word' id='word_1_470' title='bbox 464 3638 566 3685; x_wconf 75' lang='lat' dir='ltr'>eeetoen</span> <span class='ocrx_word' id='word_1_471' title='bbox 585 3630 651 3694; x_wconf 75' lang='lat' dir='ltr'>sn,·</span> <span class='ocrx_word' id='word_1_472' title='bbox 666 3632 806 3699; x_wconf 82' lang='lat' dir='ltr'>septimam</span> <span class='ocrx_word' id='word_1_473' title='bbox 826 3632 884 3684; x_wconf 84' lang='lat' dir='ltr'>GO.</span> <span class='ocrx_word' id='word_1_474' title='bbox 912 3632 1086 3698; x_wconf 75' lang='lat' dir='ltr'>Relinquitur</span> <span class='ocrx_word' id='word_1_475' title='bbox 1103 3631 1192 3698; x_wconf 82' lang='lat' dir='ltr'>igitur</span> <span class='ocrx_word' id='word_1_476' title='bbox 1209 3639 1287 3686; x_wconf 75' lang='lat' dir='ltr'>extro</span> <span class='ocrx_word' id='word_1_477' title='bbox 1305 3632 1368 3700; x_wconf 82' lang='grc' dir='ltr'>ΗΡ,</span> <span class='ocrx_word' id='word_1_478' title='bbox 1388 3651 1466 3701; x_wconf 83' lang='lat' dir='ltr'>quoe,</span> <span class='ocrx_word' id='word_1_479' title='bbox 1485 3644 1516 3687; x_wconf 91' lang='lat' dir='ltr'>ut</span> <span class='ocrx_word' id='word_1_480' title='bbox 1527 3627 1610 3689; x_wconf 76' lang='lat' dir='ltr'>‘totus</span> <span class='ocrx_word' id='word_1_481' title='bbox 1628 3638 1694 3689; x_wconf 87' lang='grc' dir='ltr'><em>οτιίο</em></span> <span class='ocrx_word' id='word_1_482' title='bbox 1711 3636 1876 3705; x_wconf 77' lang='lat' dir='ltr'>impieretur</span> 
     </span>
     <span class='ocr_line' id='line_1_34' title="bbox 235 3712 1876 3793; baseline 0.004 -22"><span class='ocrx_word' id='word_1_483' title='bbox 235 3716 289 3782; x_wconf 89' lang='lat' dir='ltr'>(sic</span> <span class='ocrx_word' id='word_1_484' title='bbox 308 3712 413 3771; x_wconf 86' lang='lat' dir='ltr'>Gueii.</span> <span class='ocrx_word' id='word_1_485' title='bbox 431 3734 479 3793; x_wconf 91' lang='lat' dir='ltr'>pro</span> <span class='ocrx_word' id='word_1_486' title='bbox 496 3712 660 3791; x_wconf 78' lang='lat' dir='ltr'>implectur),</span> <span class='ocrx_word' id='word_1_487' title='bbox 678 3718 783 3769; x_wconf 83' lang='lat' dir='ltr'>adiectu</span> <span class='ocrx_word' id='word_1_488' title='bbox 800 3724 858 3778; x_wconf 79' lang='grc' dir='ltr'><em>οιίς</em></span> <span class='ocrx_word' id='word_1_489' title='bbox 879 3725 962 3784; x_wconf 86' lang='lat' dir='ltr'>utque</span> <span class='ocrx_word' id='word_1_490' title='bbox 980 3717 1021 3770; x_wconf 80' lang='lat' dir='ltr'>iiic</span> <span class='ocrx_word' id='word_1_491' title='bbox 1039 3723 1079 3770; x_wconf 83' lang='lat' dir='ltr'>eet</span> <span class='ocrx_word' id='word_1_492' title='bbox 1098 3724 1208 3769; x_wconf 84' lang='lat' dir='ltr'>octavus</span> <span class='ocrx_word' id='word_1_493' title='bbox 1226 3718 1332 3779; x_wconf 82' lang='lat' dir='ltr'>modus,</span> <span class='ocrx_word' id='word_1_494' title='bbox 1355 3734 1433 3784; x_wconf 80' lang='lat' dir='ltr'>quem</span> <span class='ocrx_word' id='word_1_495' title='bbox 1453 3720 1621 3774; x_wconf 77' lang='lat' dir='ltr'>Ptolemaeus</span> <span class='ocrx_word' id='word_1_496' title='bbox 1640 3726 1857 3791; x_wconf 74' lang='lat' dir='ltr'>superannexuit</span> <span class='ocrx_word' id='word_1_497' title='bbox 1863 3745 1876 3790; x_wconf 78' lang='lat'>,-</span> 
     </span>
     <span class='ocr_line' id='line_1_35' title="bbox 235 3797 1875 3881; baseline 0.005 -25"><span class='ocrx_word' id='word_1_498' title='bbox 235 3803 262 3857; x_wconf 89' lang='lat' dir='ltr'>iu</span> <span class='ocrx_word' id='word_1_499' title='bbox 284 3800 335 3856; x_wconf 87' lang='lat' dir='ltr'>boc</span> <span class='ocrx_word' id='word_1_500' title='bbox 357 3797 465 3876; x_wconf 85' lang='lat' dir='ltr'>quidem</span> <span class='ocrx_word' id='word_1_501' title='bbox 489 3798 659 3856; x_wconf 84' lang='lat' dir='ltr'>vehementer</span> <span class='ocrx_word' id='word_1_502' title='bbox 680 3798 725 3854; x_wconf 90' lang='lat' dir='ltr'>iiie</span> <span class='ocrx_word' id='word_1_503' title='bbox 747 3819 849 3867; x_wconf 77' lang='lat' dir='ltr'>errans,</span> <span class='ocrx_word' id='word_1_504' title='bbox 872 3800 942 3875; x_wconf 88' lang='lat' dir='ltr'>quod</span> <span class='ocrx_word' id='word_1_505' title='bbox 961 3798 1025 3854; x_wconf 86' lang='lat' dir='ltr'>dicit</span> <span class='ocrx_word' id='word_1_506' title='bbox 1042 3810 1162 3854; x_wconf 81' lang='lat' dir='ltr'>ceterum</span> <span class='ocrx_word' id='word_1_507' title='bbox 1181 3797 1287 3854; x_wconf 80' lang='lat' dir='ltr'>morium</span> <span class='ocrx_word' id='word_1_508' title='bbox 1305 3797 1566 3876; x_wconf 80' lang='lat' dir='ltr'>Hypermixoiydium</span> <span class='ocrx_word' id='word_1_509' title='bbox 1584 3822 1793 3881; x_wconf 72' lang='lat' dir='ltr'>superannexuue</span> <span class='ocrx_word' id='word_1_510' title='bbox 1814 3827 1875 3864; x_wconf 83' lang='lat' dir='ltr'>esee</span> 
     </span>
     <span class='ocr_line' id='line_1_36' title="bbox 236 3878 1874 3962; baseline -0.001 -18"><span class='ocrx_word' id='word_1_511' title='bbox 236 3911 250 3944; x_wconf 79' lang='lat' dir='ltr'>a</span> <span class='ocrx_word' id='word_1_512' title='bbox 269 3888 468 3954; x_wconf 72' lang='lat' dir='ltr'>Ptolemaeo,</span> <span class='ocrx_word' id='word_1_513' title='bbox 491 3888 536 3962; x_wconf 88' lang='lat' dir='ltr'>qui</span> <span class='ocrx_word' id='word_1_514' title='bbox 556 3904 609 3955; x_wconf 85' lang='lat' dir='ltr'>eos,</span> <span class='ocrx_word' id='word_1_515' title='bbox 628 3884 673 3959; x_wconf 88' lang='lat' dir='ltr'>qui</span> <span class='ocrx_word' id='word_1_516' title='bbox 690 3883 741 3939; x_wconf 90' lang='lat' dir='ltr'>boc</span> <span class='ocrx_word' id='word_1_517' title='bbox 759 3883 877 3947; x_wconf 85' lang='lat' dir='ltr'>iecerint,</span> <span class='ocrx_word' id='word_1_518' title='bbox 896 3886 1012 3958; x_wconf 73' lang='lat' dir='ltr'>castiget,</span> <span class='ocrx_word' id='word_1_519' title='bbox 1032 3882 1124 3939; x_wconf 82' lang='lat' dir='ltr'>dicens</span> <span class='ocrx_word' id='word_1_520' title='bbox 1141 3883 1201 3940; x_wconf 89' lang='lat' dir='ltr'>iibr.</span> <span class='ocrx_word' id='word_1_521' title='bbox 1220 3882 1253 3938; x_wconf 91' lang='lat' dir='ltr'>tl.</span> <span class='ocrx_word' id='word_1_522' title='bbox 1273 3904 1294 3938; x_wconf 89' lang='lat' dir='ltr'>c.</span> <span class='ocrx_word' id='word_1_523' title='bbox 1313 3886 1343 3939; x_wconf 79' lang='lat'>8:</span> <span class='ocrx_word' id='word_1_524' title='bbox 1363 3878 1394 3937; x_wconf 73' lang='grc' dir='ltr'>ου’</span> <span class='ocrx_word' id='word_1_525' title='bbox 1413 3885 1518 3945; x_wconf 73' lang='grc' dir='ltr'><em>δεόντως</em></span> <span class='ocrx_word' id='word_1_526' title='bbox 1537 3880 1583 3939; x_wconf 81' lang='grc' dir='ltr'><em>οὖν</em></span> <span class='ocrx_word' id='word_1_527' title='bbox 1601 3883 1661 3941; x_wconf 75' lang='grc' dir='ltr'>οὐδὲ</span> <span class='ocrx_word' id='word_1_528' title='bbox 1678 3893 1705 3940; x_wconf 83' lang='grc' dir='ltr'><em>σί</em></span> <span class='ocrx_word' id='word_1_529' title='bbox 1721 3897 1800 3961; x_wconf 61' lang='grc' dir='ltr'><em>μέχρι</em></span> <span class='ocrx_word' id='word_1_530' title='bbox 1817 3891 1874 3961; x_wconf 77' lang='grc' dir='ltr'><em>μό-</em></span> 
     </span>
     <span class='ocr_line' id='line_1_37' title="bbox 236 3965 1873 4047; baseline 0.001 -21"><span class='ocrx_word' id='word_1_531' title='bbox 236 3996 281 4028; x_wconf 90' lang='grc' dir='ltr'><em>νου</em></span> <span class='ocrx_word' id='word_1_532' title='bbox 302 3975 350 4027; x_wconf 79' lang='lat' dir='ltr'>roei</span> <span class='ocrx_word' id='word_1_533' title='bbox 372 3970 416 4026; x_wconf 81' lang='grc' dir='ltr'><em>διά</em></span> <span class='ocrx_word' id='word_1_534' title='bbox 438 3972 527 4025; x_wconf 73' lang='grc' dir='ltr'><em>ποσόν</em></span> <span class='ocrx_word' id='word_1_535' title='bbox 548 3967 719 4040; x_wconf 70' lang='grc' dir='ltr'><em>προελθόντες</em></span> <span class='ocrx_word' id='word_1_536' title='bbox 743 3970 978 4040; x_wconf 78' lang='grc' dir='ltr'><em>σιιμκαταριθμοὺσι</em></span> <span class='ocrx_word' id='word_1_537' title='bbox 999 3977 1054 4028; x_wconf 87' lang='grc' dir='ltr'><em>τοῖς</em></span> <span class='ocrx_word' id='word_1_538' title='bbox 1070 3967 1154 4027; x_wconf 83' lang='grc' dir='ltr'><em>τόνοις</em></span> <span class='ocrx_word' id='word_1_539' title='bbox 1172 3965 1216 4021; x_wconf 89' lang='grc' dir='ltr'>τόν</span> <span class='ocrx_word' id='word_1_540' title='bbox 1232 3970 1268 4035; x_wconf 73' lang='lat' dir='ltr'>eoi</span> <span class='ocrx_word' id='word_1_541' title='bbox 1284 3971 1388 4040; x_wconf 75' lang='grc' dir='ltr'><em>ἰξαρχῆς</em></span> <span class='ocrx_word' id='word_1_542' title='bbox 1405 3968 1448 4022; x_wconf 73' lang='lat' dir='ltr'>&lt;ieri</span> <span class='ocrx_word' id='word_1_543' title='bbox 1465 3972 1559 4024; x_wconf 76' lang='grc' dir='ltr'><em>πασῶν.</em></span> <span class='ocrx_word' id='word_1_544' title='bbox 1599 3967 1699 4027; x_wconf 60' lang='lat' dir='ltr'>Tettio</span> <span class='ocrx_word' id='word_1_545' title='bbox 1715 3974 1767 4047; x_wconf 78' lang='grc' dir='ltr'><em>γάρ</em></span> <span class='ocrx_word' id='word_1_546' title='bbox 1783 3974 1873 4046; x_wconf 71' lang='grc' dir='ltr'><em>φωνή.</em></span> 
     </span>
     <span class='ocr_line' id='line_1_38' title="bbox 237 4048 1874 4127; baseline 0.002 -16"><span class='ocrx_word' id='word_1_547' title='bbox 237 4078 324 4111; x_wconf 90' lang='grc' dir='ltr'><em>σονται</em></span> <span class='ocrx_word' id='word_1_548' title='bbox 341 4057 501 4116; x_wconf 75' lang='grc' dir='ltr'><em>πεπονθότες</em></span> <span class='ocrx_word' id='word_1_549' title='bbox 518 4064 573 4115; x_wconf 83' lang='grc' dir='ltr'><em>τοῖς</em></span> <span class='ocrx_word' id='word_1_550' title='bbox 595 4051 776 4125; x_wconf 83' lang='grc' dir='ltr'><em>ὑπιρβαίνουσι</em></span> <span class='ocrx_word' id='word_1_551' title='bbox 798 4051 844 4105; x_wconf 87' lang='grc' dir='ltr'>τόν</span> <span class='ocrx_word' id='word_1_552' title='bbox 866 4059 1004 4123; x_wconf 67' lang='grc' dir='ltr'><em>ἐκκείμενον</em></span> <span class='ocrx_word' id='word_1_553' title='bbox 1027 4048 1097 4124; x_wconf 86' lang='grc' dir='ltr'><em>ὅρον·</em></span> <span class='ocrx_word' id='word_1_554' title='bbox 1118 4050 1185 4121; x_wconf 78' lang='grc' dir='ltr'><em>πλήν</em></span> <span class='ocrx_word' id='word_1_555' title='bbox 1206 4053 1324 4107; x_wconf 80' lang='grc' dir='ltr'><em>καθόσον</em></span> <span class='ocrx_word' id='word_1_556' title='bbox 1347 4051 1417 4107; x_wconf 70' lang='grc' dir='ltr'><em>οὗτοι</em></span> <span class='ocrx_word' id='word_1_557' title='bbox 1440 4063 1501 4125; x_wconf 69' lang='grc' dir='ltr'><em>μὲν,</em></span> <span class='ocrx_word' id='word_1_558' title='bbox 1524 4052 1562 4127; x_wconf 66' lang='grc' dir='ltr'>ἐφ’</span> <span class='ocrx_word' id='word_1_559' title='bbox 1584 4057 1648 4123; x_wconf 68' lang='lat' dir='ltr'>troc,</span> <span class='ocrx_word' id='word_1_560' title='bbox 1671 4064 1762 4113; x_wconf 66' lang='grc' dir='ltr'><em>ἰκτῖνοι</em></span> <span class='ocrx_word' id='word_1_561' title='bbox 1784 4064 1814 4114; x_wconf 75' lang='lat' dir='ltr'>ot</span> <span class='ocrx_word' id='word_1_562' title='bbox 1831 4067 1874 4117; x_wconf 79' lang='lat' dir='ltr'>ini</span> 
     </span>
     <span class='ocr_line' id='line_1_39' title="bbox 236 4136 1874 4221; baseline 0.003 -25"><span class='ocrx_word' id='word_1_563' title='bbox 236 4142 367 4199; x_wconf 76' lang='grc' dir='ltr'><em>πλειόνων.</em></span> <span class='ocrx_word' id='word_1_564' title='bbox 402 4141 527 4197; x_wconf 87' lang='lat' dir='ltr'>Ceterum</span> <span class='ocrx_word' id='word_1_565' title='bbox 545 4141 681 4217; x_wconf 85' lang='lat' dir='ltr'>scriptoris</span> <span class='ocrx_word' id='word_1_566' title='bbox 699 4138 744 4195; x_wconf 87' lang='lat' dir='ltr'>bie</span> <span class='ocrx_word' id='word_1_567' title='bbox 761 4137 824 4194; x_wconf 87' lang='lat' dir='ltr'>editi</span> <span class='ocrx_word' id='word_1_568' title='bbox 842 4137 900 4194; x_wconf 91' lang='lat' dir='ltr'>loco</span> <span class='ocrx_word' id='word_1_569' title='bbox 917 4158 968 4194; x_wconf 82' lang='lat' dir='ltr'>vox</span> <span class='ocrx_word' id='word_1_570' title='bbox 985 4136 1073 4203; x_wconf 86' lang='grc' dir='ltr'><em>τόνος,</em></span> <span class='ocrx_word' id='word_1_571' title='bbox 1089 4159 1138 4212; x_wconf 79' lang='lat' dir='ltr'>que</span> <span class='ocrx_word' id='word_1_572' title='bbox 1155 4159 1234 4215; x_wconf 76' lang='lat' dir='ltr'>supro</span> <span class='ocrx_word' id='word_1_573' title='bbox 1251 4141 1278 4195; x_wconf 94' lang='lat' dir='ltr'>in</span> <span class='ocrx_word' id='word_1_574' title='bbox 1296 4137 1419 4218; x_wconf 80' lang='lat' dir='ltr'>diapente</span> <span class='ocrx_word' id='word_1_575' title='bbox 1437 4142 1579 4218; x_wconf 72' lang='lat' dir='ltr'>speciebus</span> <span class='ocrx_word' id='word_1_576' title='bbox 1596 4155 1623 4198; x_wconf 89' lang='lat' dir='ltr'>et</span> <span class='ocrx_word' id='word_1_577' title='bbox 1640 4143 1739 4221; x_wconf 84' lang='lat' dir='ltr'>ubique</span> <span class='ocrx_word' id='word_1_578' title='bbox 1755 4148 1782 4201; x_wconf 90' lang='lat' dir='ltr'>in</span> <span class='ocrx_word' id='word_1_579' title='bbox 1802 4148 1874 4204; x_wconf 84' lang='lat' dir='ltr'>eius·</span> 
     </span>
     <span class='ocr_line' id='line_1_40' title="bbox 237 4222 1873 4300; baseline 0 -16"><span class='ocrx_word' id='word_1_580' title='bbox 237 4227 308 4285; x_wconf 81' lang='lat' dir='ltr'>modi</span> <span class='ocrx_word' id='word_1_581' title='bbox 327 4225 522 4283; x_wconf 87' lang='lat' dir='ltr'>definitionibus</span> <span class='ocrx_word' id='word_1_582' title='bbox 540 4224 703 4281; x_wconf 73' lang='lat' dir='ltr'>intervallum</span> <span class='ocrx_word' id='word_1_583' title='bbox 722 4226 790 4280; x_wconf 87' lang='lat' dir='ltr'>inter</span> <span class='ocrx_word' id='word_1_584' title='bbox 807 4243 896 4280; x_wconf 87' lang='lat' dir='ltr'>mesen</span> <span class='ocrx_word' id='word_1_585' title='bbox 914 4233 941 4279; x_wconf 89' lang='lat' dir='ltr'>et</span> <span class='ocrx_word' id='word_1_586' title='bbox 956 4242 1109 4300; x_wconf 84' lang='lat' dir='ltr'>pererocseu</span> <span class='ocrx_word' id='word_1_587' title='bbox 1127 4222 1215 4291; x_wconf 79' lang='grc' dir='ltr'><em>(τόνος</em></span> <span class='ocrx_word' id='word_1_588' title='bbox 1232 4223 1411 4295; x_wconf 83' lang='grc' dir='ltr'><em>διοζιυκτιιιός)</em></span> <span class='ocrx_word' id='word_1_589' title='bbox 1427 4227 1573 4295; x_wconf 80' lang='lat' dir='ltr'>indicetur,</span> <span class='ocrx_word' id='word_1_590' title='bbox 1595 4227 1661 4284; x_wconf 76' lang='lat' dir='ltr'>hauc</span> <span class='ocrx_word' id='word_1_591' title='bbox 1686 4231 1740 4288; x_wconf 79' lang='lat' dir='ltr'>rins</span> <span class='ocrx_word' id='word_1_592' title='bbox 1762 4250 1873 4290; x_wconf 74' lang='lat' dir='ltr'>eernere</span> 
     </span>
     <span class='ocr_line' id='line_1_41' title="bbox 184 4308 1873 4391; baseline 0.003 -21"><span class='ocrx_word' id='word_1_593' title='bbox 184 4330 189 4349; x_wconf 85' lang='lat'><strong><em>¹</em></strong></span> <span class='ocrx_word' id='word_1_594' title='bbox 236 4334 287 4370; x_wconf 88' lang='lat' dir='ltr'>uon</span> <span class='ocrx_word' id='word_1_595' title='bbox 305 4320 399 4391; x_wconf 77' lang='lat' dir='ltr'>potest,</span> <span class='ocrx_word' id='word_1_596' title='bbox 416 4311 465 4367; x_wconf 84' lang='lat' dir='ltr'>sed</span> <span class='ocrx_word' id='word_1_597' title='bbox 482 4313 565 4388; x_wconf 77' lang='lat' dir='ltr'>ipsam</span> <span class='ocrx_word' id='word_1_598' title='bbox 585 4329 674 4366; x_wconf 88' lang='lat' dir='ltr'>mesen</span> <span class='ocrx_word' id='word_1_599' title='bbox 692 4308 822 4384; x_wconf 77' lang='lat' dir='ltr'>significet</span> <span class='ocrx_word' id='word_1_600' title='bbox 840 4320 1009 4375; x_wconf 80' lang='lat' dir='ltr'>neccssccst3</span> <span class='ocrx_word' id='word_1_601' title='bbox 1026 4310 1122 4364; x_wconf 80' lang='lat' dir='ltr'>nemin</span> <span class='ocrx_word' id='word_1_602' title='bbox 1133 4329 1172 4376; x_wconf 86' lang='lat' dir='ltr'>eu,</span> <span class='ocrx_word' id='word_1_603' title='bbox 1190 4329 1257 4384; x_wconf 79' lang='lat' dir='ltr'>quse</span> <span class='ocrx_word' id='word_1_604' title='bbox 1270 4309 1437 4367; x_wconf 81' lang='lat' dir='ltr'>bicsccnude</span> <span class='ocrx_word' id='word_1_605' title='bbox 1449 4315 1553 4389; x_wconf 86' lang='lat' dir='ltr'>species</span> <span class='ocrx_word' id='word_1_606' title='bbox 1567 4320 1681 4382; x_wconf 77' lang='lat' dir='ltr'>vocetur,</span> <span class='ocrx_word' id='word_1_607' title='bbox 1692 4313 1873 4375; x_wconf 81' lang='lat' dir='ltr'>dieueuctieus</span> 
     </span>
     <span class='ocr_line' id='line_1_42' title="bbox 237 4393 1872 4479; baseline 0.001 -23"><span class='ocrx_word' id='word_1_608' title='bbox 237 4411 313 4456; x_wconf 89' lang='lat' dir='ltr'>tonus</span> <span class='ocrx_word' id='word_1_609' title='bbox 330 4417 381 4455; x_wconf 91' lang='lat' dir='ltr'>nou</span> <span class='ocrx_word' id='word_1_610' title='bbox 399 4396 481 4452; x_wconf 84' lang='lat' dir='ltr'>efficit</span> <span class='ocrx_word' id='word_1_611' title='bbox 497 4393 641 4451; x_wconf 80' lang='lat' dir='ltr'>secundum</span> <span class='ocrx_word' id='word_1_612' title='bbox 660 4394 833 4463; x_wconf 64' lang='lat' dir='ltr'>interventum,</span> <span class='ocrx_word' id='word_1_613' title='bbox 851 4394 900 4450; x_wconf 85' lang='lat' dir='ltr'>sed</span> <span class='ocrx_word' id='word_1_614' title='bbox 919 4413 990 4450; x_wconf 83' lang='lat' dir='ltr'>mese</span> <span class='ocrx_word' id='word_1_615' title='bbox 1009 4394 1140 4450; x_wconf 82' lang='lat' dir='ltr'>secundus</span> <span class='ocrx_word' id='word_1_616' title='bbox 1156 4396 1213 4450; x_wconf 88' lang='lat' dir='ltr'>cius</span> <span class='ocrx_word' id='word_1_617' title='bbox 1230 4405 1376 4463; x_wconf 74' lang='lat' dir='ltr'>coitiones,</span> <span class='ocrx_word' id='word_1_618' title='bbox 1393 4407 1420 4452; x_wconf 87' lang='lat' dir='ltr'>et</span> <span class='ocrx_word' id='word_1_619' title='bbox 1435 4398 1476 4452; x_wconf 83' lang='lat' dir='ltr'>sic</span> <span class='ocrx_word' id='word_1_620' title='bbox 1488 4397 1609 4454; x_wconf 88' lang='lat' dir='ltr'>similiter</span> <span class='ocrx_word' id='word_1_621' title='bbox 1621 4399 1648 4454; x_wconf 93' lang='lat' dir='ltr'>in</span> <span class='ocrx_word' id='word_1_622' title='bbox 1663 4401 1771 4466; x_wconf 87' lang='lat' dir='ltr'>ceteris;</span> <span class='ocrx_word' id='word_1_623' title='bbox 1790 4422 1872 4479; x_wconf 78' lang='lat' dir='ltr'>queue</span> 
     </span>
     <span class='ocr_line' id='line_1_43' title="bbox 236 4478 1872 4564; baseline -0.001 -21"><span class='ocrx_word' id='word_1_624' title='bbox 236 4505 311 4543; x_wconf 77' lang='lat' dir='ltr'>muru</span> <span class='ocrx_word' id='word_1_625' title='bbox 329 4487 351 4540; x_wconf 87' lang='lat' dir='ltr'>si</span> <span class='ocrx_word' id='word_1_626' title='bbox 368 4502 447 4560; x_wconf 85' lang='lat' dir='ltr'>supro</span> <span class='ocrx_word' id='word_1_627' title='bbox 464 4482 490 4537; x_wconf 90' lang='lat' dir='ltr'>in</span> <span class='ocrx_word' id='word_1_628' title='bbox 508 4479 669 4538; x_wconf 71' lang='lat' dir='ltr'>diatesseron</span> <span class='ocrx_word' id='word_1_629' title='bbox 686 4499 789 4557; x_wconf 85' lang='lat' dir='ltr'>quoquo</span> <span class='ocrx_word' id='word_1_630' title='bbox 807 4481 947 4558; x_wconf 74' lang='lat' dir='ltr'>speciebus</span> <span class='ocrx_word' id='word_1_631' title='bbox 968 4490 1075 4543; x_wconf 68' lang='lat' dir='ltr'>suiuus,</span> <span class='ocrx_word' id='word_1_632' title='bbox 1093 4478 1214 4547; x_wconf 85' lang='lat' dir='ltr'>efficitur,</span> <span class='ocrx_word' id='word_1_633' title='bbox 1232 4490 1261 4536; x_wconf 92' lang='lat' dir='ltr'>ut</span> <span class='ocrx_word' id='word_1_634' title='bbox 1274 4482 1360 4559; x_wconf 81' lang='lat' dir='ltr'>primu</span> <span class='ocrx_word' id='word_1_635' title='bbox 1376 4491 1403 4536; x_wconf 90' lang='lat' dir='ltr'>et</span> <span class='ocrx_word' id='word_1_636' title='bbox 1414 4480 1575 4538; x_wconf 73' lang='lat' dir='ltr'>diatesseron</span> <span class='ocrx_word' id='word_1_637' title='bbox 1590 4493 1616 4539; x_wconf 93' lang='lat' dir='ltr'>et</span> <span class='ocrx_word' id='word_1_638' title='bbox 1631 4483 1754 4562; x_wconf 74' lang='lat' dir='ltr'>diapente</span> <span class='ocrx_word' id='word_1_639' title='bbox 1764 4490 1872 4564; x_wconf 73' lang='grc' dir='ltr'><em>τροτὶετ</em></span> 
     </span>
     <span class='ocr_line' id='line_1_44' title="bbox 237 4563 1766 4642; baseline 0 -15"><span class='ocrx_word' id='word_1_640' title='bbox 237 4570 332 4627; x_wconf 87' lang='lat' dir='ltr'>eodum</span> <span class='ocrx_word' id='word_1_641' title='bbox 349 4570 417 4624; x_wconf 89' lang='lat' dir='ltr'>inter</span> <span class='ocrx_word' id='word_1_642' title='bbox 434 4585 464 4621; x_wconf 88' lang='lat' dir='ltr'>se</span> <span class='ocrx_word' id='word_1_643' title='bbox 482 4564 560 4621; x_wconf 82' lang='lat' dir='ltr'>ruodo</span> <span class='ocrx_word' id='word_1_644' title='bbox 579 4564 747 4628; x_wconf 80' lang='lat' dir='ltr'>definiuntur,</span> <span class='ocrx_word' id='word_1_645' title='bbox 763 4585 843 4642; x_wconf 86' lang='lat' dir='ltr'>quum</span> <span class='ocrx_word' id='word_1_646' title='bbox 861 4564 904 4621; x_wconf 82' lang='lat' dir='ltr'>iile</span> <span class='ocrx_word' id='word_1_647' title='bbox 924 4585 1014 4622; x_wconf 88' lang='lat' dir='ltr'>mesen</span> <span class='ocrx_word' id='word_1_648' title='bbox 1032 4583 1154 4641; x_wconf 84' lang='lat' dir='ltr'>supremo</span> <span class='ocrx_word' id='word_1_649' title='bbox 1172 4563 1230 4620; x_wconf 87' lang='lat' dir='ltr'>loeo</span> <span class='ocrx_word' id='word_1_650' title='bbox 1248 4564 1357 4632; x_wconf 74' lang='lat' dir='ltr'>babent,</span> <span class='ocrx_word' id='word_1_651' title='bbox 1379 4564 1549 4623; x_wconf 77' lang='lat' dir='ltr'>brectonum</span> <span class='ocrx_word' id='word_1_652' title='bbox 1569 4565 1766 4627; x_wconf 80' lang='lat' dir='ltr'>dieeeucticum.</span> 
     </span>
    </p>

    <p class='ocr_par' dir='ltr' id='par_1_11' title="bbox 237 4647 1872 4990">
     <span class='ocr_line' id='line_1_45' title="bbox 303 4647 1871 4733; baseline 0.004 -26"><span class='ocrx_word' id='word_1_653' title='bbox 303 4654 344 4708; x_wconf 82' lang='grc'>63.</span> <span class='ocrx_word' id='word_1_654' title='bbox 362 4653 405 4709; x_wconf 81' lang='grc'>64.</span> <span class='ocrx_word' id='word_1_655' title='bbox 441 4649 581 4707; x_wconf 74' lang='lat' dir='ltr'>intricatus</span> <span class='ocrx_word' id='word_1_656' title='bbox 598 4648 679 4717; x_wconf 84' lang='lat' dir='ltr'>locos,</span> <span class='ocrx_word' id='word_1_657' title='bbox 698 4651 772 4707; x_wconf 87' lang='lat' dir='ltr'>cuins</span> <span class='ocrx_word' id='word_1_658' title='bbox 789 4649 959 4707; x_wconf 83' lang='lat' dir='ltr'>diificuitutes</span> <span class='ocrx_word' id='word_1_659' title='bbox 978 4649 1094 4708; x_wconf 82' lang='lat' dir='ltr'>indicere</span> <span class='ocrx_word' id='word_1_660' title='bbox 1114 4647 1186 4716; x_wconf 86' lang='lat' dir='ltr'>licet,</span> <span class='ocrx_word' id='word_1_661' title='bbox 1204 4668 1255 4706; x_wconf 89' lang='lat' dir='ltr'>non</span> <span class='ocrx_word' id='word_1_662' title='bbox 1273 4649 1406 4728; x_wconf 82' lang='lat' dir='ltr'>expedire.</span> <span class='ocrx_word' id='word_1_663' title='bbox 1442 4651 1587 4708; x_wconf 82' lang='lat' dir='ltr'>Disseritur</span> <span class='ocrx_word' id='word_1_664' title='bbox 1605 4651 1639 4707; x_wconf 88' lang='lat' dir='ltr'>de</span> <span class='ocrx_word' id='word_1_665' title='bbox 1657 4665 1768 4730; x_wconf 68' lang='lat' dir='ltr'>quotuor</span> <span class='ocrx_word' id='word_1_666' title='bbox 1783 4659 1871 4733; x_wconf 73' lang='lat' dir='ltr'>regio·</span> 
     </span>
     <span class='ocr_line' id='line_1_46' title="bbox 237 4734 1871 4815; baseline -0.001 -19"><span class='ocrx_word' id='word_1_667' title='bbox 237 4740 314 4796; x_wconf 87' lang='lat' dir='ltr'>nibus</span> <span class='ocrx_word' id='word_1_668' title='bbox 332 4738 415 4799; x_wconf 78' lang='lat' dir='ltr'>vocis.</span> <span class='ocrx_word' id='word_1_669' title='bbox 434 4755 512 4813; x_wconf 82' lang='lat' dir='ltr'>quem</span> <span class='ocrx_word' id='word_1_670' title='bbox 529 4734 687 4810; x_wconf 72' lang='lat' dir='ltr'>singularem</span> <span class='ocrx_word' id='word_1_671' title='bbox 705 4734 844 4793; x_wconf 76' lang='lat' dir='ltr'>humanum</span> <span class='ocrx_word' id='word_1_672' title='bbox 861 4754 954 4792; x_wconf 84' lang='lat' dir='ltr'>rocem</span> <span class='ocrx_word' id='word_1_673' title='bbox 971 4755 1029 4792; x_wconf 85' lang='lat' dir='ltr'>esse</span> <span class='ocrx_word' id='word_1_674' title='bbox 1047 4755 1062 4792; x_wconf 92' lang='lat' dir='ltr'>e</span> <span class='ocrx_word' id='word_1_675' title='bbox 1079 4744 1143 4792; x_wconf 90' lang='lat' dir='ltr'>sect.</span> <span class='ocrx_word' id='word_1_676' title='bbox 1161 4735 1195 4790; x_wconf 77' lang='grc'>64</span> <span class='ocrx_word' id='word_1_677' title='bbox 1212 4746 1335 4815; x_wconf 81' lang='lat' dir='ltr'>sppsret,</span> <span class='ocrx_word' id='word_1_678' title='bbox 1351 4737 1397 4793; x_wconf 93' lang='lat' dir='ltr'>ubi</span> <span class='ocrx_word' id='word_1_679' title='bbox 1419 4738 1587 4812; x_wconf 73' lang='lat' dir='ltr'>gravissimae</span> <span class='ocrx_word' id='word_1_680' title='bbox 1611 4734 1809 4812; x_wconf 81' lang='grc' dir='ltr'><em>(ὑπατοιιδοῦς)</em></span> <span class='ocrx_word' id='word_1_681' title='bbox 1831 4763 1871 4800; x_wconf 72' lang='grc' dir='ltr'>η.</span> 
     </span>
     <span class='ocr_line' id='line_1_47' title="bbox 237 4817 1872 4900; baseline 0.003 -19"><span class='ocrx_word' id='word_1_682' title='bbox 237 4826 320 4900; x_wconf 77' lang='lat' dir='ltr'>gionis</span> <span class='ocrx_word' id='word_1_683' title='bbox 337 4822 448 4896; x_wconf 74' lang='lat' dir='ltr'>graviori</span> <span class='ocrx_word' id='word_1_684' title='bbox 466 4822 577 4879; x_wconf 84' lang='lat' dir='ltr'>terminu</span> <span class='ocrx_word' id='word_1_685' title='bbox 595 4820 716 4877; x_wconf 87' lang='lat' dir='ltr'>tribuitur</span> <span class='ocrx_word' id='word_1_686' title='bbox 732 4819 828 4898; x_wconf 74' lang='lat' dir='ltr'>bypute</span> <span class='ocrx_word' id='word_1_687' title='bbox 847 4840 936 4878; x_wconf 82' lang='lat' dir='ltr'>rucsou</span> <span class='ocrx_word' id='word_1_688' title='bbox 947 4819 1091 4899; x_wconf 72' lang='lat' dir='ltr'>Hyporlorii</span> <span class='ocrx_word' id='word_1_689' title='bbox 1110 4817 1190 4888; x_wconf 80' lang='lat' dir='ltr'>modi,</span> <span class='ocrx_word' id='word_1_690' title='bbox 1208 4821 1224 4875; x_wconf 92' lang='lat' dir='ltr'>i.</span> <span class='ocrx_word' id='word_1_691' title='bbox 1243 4841 1265 4879; x_wconf 88' lang='lat' dir='ltr'>e.</span> <span class='ocrx_word' id='word_1_692' title='bbox 1282 4840 1362 4879; x_wconf 83' lang='lat' dir='ltr'>sonus</span> <span class='ocrx_word' id='word_1_693' title='bbox 1377 4825 1417 4888; x_wconf 69' lang='grc' dir='ltr'>ἃς</span> <span class='ocrx_word' id='word_1_694' title='bbox 1435 4827 1531 4881; x_wconf 85' lang='lat' dir='ltr'>etenim</span> <span class='ocrx_word' id='word_1_695' title='bbox 1548 4825 1572 4878; x_wconf 88' lang='lat' dir='ltr'>si</span> <span class='ocrx_word' id='word_1_696' title='bbox 1590 4821 1757 4883; x_wconf 81' lang='lat' dir='ltr'>decennium</span> <span class='ocrx_word' id='word_1_697' title='bbox 1774 4846 1872 4886; x_wconf 79' lang='lat' dir='ltr'>vocum</span> 
     </span>
     <span class='ocr_line' id='line_1_48' title="bbox 239 4904 1872 4990; baseline 0.004 -26"><span class='ocrx_word' id='word_1_698' title='bbox 239 4919 266 4966; x_wconf 86' lang='lat' dir='ltr'>et</span> <span class='ocrx_word' id='word_1_699' title='bbox 288 4910 517 4966; x_wconf 79' lang='lat' dir='ltr'>instrumentorum</span> <span class='ocrx_word' id='word_1_700' title='bbox 539 4905 639 4964; x_wconf 72' lang='lat' dir='ltr'>ambitu</span> <span class='ocrx_word' id='word_1_701' title='bbox 661 4905 826 4978; x_wconf 72' lang='lat' dir='ltr'>cogitentur</span> <span class='ocrx_word' id='word_1_702' title='bbox 851 4904 896 4963; x_wconf 91' lang='lat' dir='ltr'>hic</span> <span class='ocrx_word' id='word_1_703' title='bbox 917 4917 1000 4978; x_wconf 81' lang='lat' dir='ltr'>esset,</span> <span class='ocrx_word' id='word_1_704' title='bbox 1026 4926 1078 4965; x_wconf 91' lang='lat' dir='ltr'>non</span> <span class='ocrx_word' id='word_1_705' title='bbox 1099 4904 1214 4984; x_wconf 72' lang='lat' dir='ltr'>hypaten</span> <span class='ocrx_word' id='word_1_706' title='bbox 1235 4925 1327 4967; x_wconf 85' lang='lat' dir='ltr'>meson</span> <span class='ocrx_word' id='word_1_707' title='bbox 1351 4907 1399 4965; x_wconf 80' lang='lat' dir='ltr'>sed</span> <span class='ocrx_word' id='word_1_708' title='bbox 1422 4907 1701 4988; x_wconf 72' lang='lat' dir='ltr'>proslambanomenes</span> <span class='ocrx_word' id='word_1_709' title='bbox 1723 4910 1872 4990; x_wconf 67' lang='lat' dir='ltr'>Repuborii</span> 
     </span>
    </p>
   </div>
   <div class='ocr_carea' id='block_1_10' title="bbox 0 0 2124 5580">
    <p class='ocr_par' dir='ltr' id='par_1_12' title="bbox 0 0 2124 5580">
     <span class='ocr_line' id='line_1_49' title="bbox 0 0 2124 5580; baseline 0 0"><span class='ocrx_word' id='word_1_710' title='bbox 0 0 2124 5580; x_wconf 95' lang='lat' dir='ltr'> </span> 
     </span>
    </p>
   </div>
  </div>
 </body>
</html>
