4236 5580
1002 248 1245 395 τοο·

235 535 269 600 66
294 535 369 618 τρία
397 526 438 595 τὰ
466 528 527 593 τοῦ
555 528 602 611 66
621 528 686 594 τῶν
707 524 740 613 6
761 551 820 594 τον
805 528 888 613 γβ
906 525 1081 614 ἐφημιόλιοί
1103 535 1180 595 ἐστι·
1201 530 1257 595 καί
1278 533 1477 616 περιέχουσιν
1496 533 1529 595 οἱ·
1550 525 1705 616 φδόγγοι
1725 523 1788 607 τὴν
1807 523 1864 592 διὰ

234 632 259 700 ε’
285 635 493 724 συμφωνίαν,
519 627 540 711 6
568 637 655 698 ἐστιν
675 637 710 697 ἐν
731 626 870 715 ημιολίῳ
892 627 987 716 λόγῳ

580 790 906 954 ῖ--ί
1193 766 1524 953 λ--ί

233 1008 286 1074 25.
327 1006 398 1073 Καὶ
425 1001 549 1071 τούτων
576 1000 610 1069 66
635 1000 993 1124 προαποδεδειγμένων,
1021 1003 1078 1067 καὶ
1103 996 1162 1082 τὴν
1191 998 1295 1082 ἀκοὴν
1316 1001 1552 1088 λαμβανόντων
1572 1001 1808 1090 μαρτυροῦσαν
1827 1002 1870 1094 τι]

234 1107 397 1191 ἀποδείξει
427 1111 477 1174 ἐπὶ
506 1107 568 1172 τοῦ
597 1101 750 1182 κανόνος,
779 1109 941 1191 ἑπομένως
960 1101 1168 1171 ἀποδεικτέον
1189 1106 1245 1169 καὶ
1265 1100 1307 1170 τὰ
1329 1100 1430 1172 λοιπὰ
1454 1104 1618 1195 σύμφωνα
1645 1101 1871 1188 διαστηματα,

167 1214 173 1227 “
235 1218 270 1295 ὲν
297 1208 345 1290 οἷς
372 1216 432 1275 είσι
458 1204 568 1295 λόγοις
591 1210 688 1294 χωρίς
710 1205 813 1286 αὐτῆς
834 1207 892 1289 τῆς
913 1205 1022 1288 ἀκοῆς.
1063 1207 1115 1272 26.
1140 1205 1183 1274 H
1199 1201 1254 1272 διὰ
1277 1206 1305 1272 δ
1327 1211 1440 1277 τοίνυν
1461 1211 1636 1296 συμφωνία
1657 1213 1691 1272 ἐν
1713 1209 1871 1292 ἐπιτρίτῳ

173 1368 176 1373 .
235 1311 363 1398 λόγῳλ
364 1316 449 1379 στίν·
479 1316 558 1378 ἔστω
588 1309 651 1397 γὰρ
674 1304 729 1374 διὰ
750 1309 863 1376 πασῶν
882 1312 923 1394 μὲ
925 1334 943 1375 ν
964 1304 1187 1394 διάστημα
1152 1334 1190 1376 το
1213 1313 1275 1394 66,
1302 1304 1458 1378 666666
1423 1309 1644 1432 δὲδιόσττγμα
1665 1305 1704 1376 τὸ
1726 1310 1784 1395 76·
1809 1313 1873 1376 καὶ

235 1412 386 1495 66666‘
368 1440 389 1495 6
414 1407 514 1479 διαί
537 1415 711 1501 συμφωνία
733 1413 819 1478 λπιδί
820 1414 977 1479 δεικταιὲ
963 1408 1158 1497 ἑνημιολίῳ
1180 1409 1280 1497 λόγῳ,
1310 1417 1401 1479 ἔσται
1423 1419 1500 1480 σίων
1520 1413 1601 1497 τόγ
1621 1412 1734 1499 τριῶν,
1763 1408 1874 1478 τοιού

237 1545 303 1587 των
325 1512 425 1585 660
410 1541 428 1580 ο
452 1517 482 1600 6
504 1513 680 1590 καὶπόλιν,
703 1510 848 1594 ἐπειδι>“
833 1541 852 1595 6
875 1511 930 1580 διὰ
953 1514 1066 1580 πασῶν
1087 1518 1261 1604 συμφωνία
1275 1512 1501 1583 ἀποδέδεικται
1516 1523 1548 1583 ἐν
1565 1516 1752 1583 διπλασίονι
1769 1512 1872 1599 λόγῳ,

238 1620 298 1688 δυο
322 1620 357 1686 δ
380 1616 508 1702 εἴρηται
528 1614 546 1684 ὁ
569 1606 603 1704 6,
624 1616 808 1704 τέσσαρα”
785 1641 827 1682 αν
849 1616 897 1698 τίη
920 1614 938 1682 ὁ
962 1637 993 1682 α·
1014 1642 1056 1682 τα
1045 1614 1156 1683 δὲτί
1122 1622 1264 1702 σσαρα
1277 1640 1336 1684 του
1358 1623 1381 1686 ἆ
1401 1644 1466 1686 των
1479 1643 1539 1687 του
1561 1646 1582 1705 γ
1603 1640 1700 1702 τριων
1711 1623 1798 1683 ἐστιν
1808 1622 1877 1683 ἐπί

236 1744 341 1812 τριτα·
363 1725 418 1788 καὶ
439 1727 639 1806 περιέχουσιν
661 1726 692 1788 οἱ
716 1717 870 1807 φθόγγοι
892 1719 952 1800 τὴν
975 1716 1032 1786 διὰ
1054 1718 1082 1784 6
1105 1724 1308 1809 συμφωνίαν·
1330 1718 1351 1802 6
1374 1721 1440 1807 ἄρα
1462 1715 1516 1788 διὰ
1539 1720 1567 1787 δ
1590 1725 1764 1808 συμφωνία
1787 1723 1879 1787 ἐστιν

238 1833 272 1893 ἐν
294 1828 444 1910 ἐπιτρίτῳ
470 1819 566 1909 λόγῳ.

630 1985 652 2023 α
1046 1983 1067 2041 ν
1458 1960 1484 2043 β

634 2055 1473 2480 W

562 2503 712 2580 τίσ.σαρα
1014 2501 1100 2580 τρία.
1435 2494 1506 2563 660.

239 2641 292 2706 27.
332 2639 375 2704 H
398 2640 432 2703 66
461 2631 517 2704 διὰ
544 2634 657 2700 πασῶν
681 2639 734 2700 καὶ
762 2629 817 2698 διὰ
844 2637 935 2699 πέντε
963 2635 1168 2732 συμφωνία
1164 2636 1248 2700 ἐστὶν
1276 2640 1310 2700 ἐν
1336 2637 1541 2719 τριπλασίονι
1570 2631 1670 2719 λόγῳ·
1697 2637 1776 2699 ἔστω
1807 2632 1881 2717 γὰρ

242 2741 297 2808 δια
326 2741 439 2808 πασῶν
464 2742 525 2824 μὲν
553 2735 718 2821 διάστημα
739 2732 777 2802 τό
801 2741 870 2851 66,⁴
892 2733 1048 2802 666666
1035 2733 1109 2802 666
1130 2737 1188 2820 76
1214 2739 1271 2802 καὶ
1292 2742 1358 2804 ἐπεὶ
1378 2735 1399 2817 6
1423 2735 1522 2803 6666
1545 2740 1718 2821 συμφωνία
1739 2733 1883 2820 εὕρηται

244 2853 278 2911 ἐν
299 2843 438 2928 ἡμιολίῳ
461 2838 598 2928 λόγῳ,ί
597 2861 671 2907 σται
695 2843 773 2905 οἴων
793 2838 890 2925 τριῶν
912 2835 929 2904 6
951 2825 983 2921 6,
1005 2836 1164 2905 τοιούτων
1185 2836 1253 2924 6
1238 2861 1309 2924 ογ
1332 2844 1384 2908 καὶ
1407 2836 1555 2921 ἐπειδὴ
1537 2865 1559 2919 6
1581 2833 1638 2905 διὰ
1659 2839 1774 2905 πασῶν
1784 2862 1881 2959 x‹516ae

242 2953 350 3033 φωνία
384 2945 513 3030 εὕρηται
534 2949 568 3009 ἐν
590 2943 775 3008 διπλασίονι
796 2939 898 3026 λόγῳ,
926 2939 986 3006 δύο
1010 2942 1044 3006 δέ
1065 2935 1189 3008 ἐστιν
1173 2966 1191 3007 ο
1214 2944 1249 3027 γ,
1278 2936 1356 3022 ἓξ’
1334 2966 1376 3008 αν
1398 2940 1484 3023 είη
1467 2968 1485 3008 σ
1510 2948 1548 3006 ῶ·
1574 2937 1615 3007 τὰ
1638 2943 1673 3007 δὲ
1695 2942 1729 3023 ἓξ
1752 2941 1794 3005 τὰ
1819 2944 1883 3008 τοῦ

245 3055 267 3116 6
291 3051 354 3116 τῶν
377 3045 438 3115 660
460 3048 524 3112 τῶν
546 3045 607 3111 τοῦ
636 3069 656 3126 γ
685 3047 751 3110 ἐστὶ
774 3039 957 3128 τριπλάσια·
979 3045 1035 3109 καὶ
1056 3044 1207 3110 ποιοῦσιν
1223 3049 1255 3109 ολ
1276 3043 1429 3131 φθόγγοι
1450 3040 1512 3125 τὴν
1534 3044 1588 3111 διὰ
1610 3045 1724 3111 πασῶν
1744 3047 1804 3110 καὶ
1822 3044 1883 3111 διὰ

245 3152 267 3218 ε’
290 3154 500 3242 συμφωνίαν·
523 3144 542 3227 6
566 3146 632 3233 ἄρα
654 3144 708 3211 διὰ
730 3147 844 3211 πασῶν
866 3150 919 3212 καὶ
941 3142 996 3211 διὰ
1019 3145 1041 3211 ε’
1064 3154 1098 3212 ὲν
1119 3149 1325 3231 τριπλασίονι
1346 3145 1433 3233 λόγῳ
1457 3153 1550 3214 ἐστίν.

623 3835 666 3917 ἕξ.
1016 3840 1101 3922 τρία.
1456 3836 1525 3908 660.

249 3993 300 4058 28
338 3991 433 4058 ‘6H6
420 3993 502 4070 ὲδλς
525 3987 581 4056 διὰ
611 3989 724 4056 πασῶν
754 3996 823 4055 ἐστι
852 3992 1024 4076 συμφωνία
1055 3997 1089 4055 ἐν
1118 3993 1369 4072 τετραπλασίονι
1398 3990 1492 4076 λόγῳ·
1523 3995 1601 4056 ἔστω
1631 3991 1694 4076 γὰρ
1712 3987 1884 4076 διαστημω

249 4110 293 4165 διὰ
311 4113 399 4164 πασῶν
425 4093 463 4161 τὸ
493 4095 553 4179 66,
582 4096 639 4160 καὶ
667 4099 775 4176 ἕτερον
797 4089 961 4176 διαστημα
983 4090 1038 4158 διὰ
1061 4093 1174 4157 πασῶν
1194 4087 1232 4157 τό
1254 4095 1311 4177 βγ·
1334 4096 1390 4159 καὶ
1412 4092 1558 4175 ἐπειδὴ
1541 4119 1561 4173 6
1585 4092 1640 4159 διὰ
1662 4095 1778 4160 πασῶν
1801 4118 1882 4178 συμ

315 4243 667 4313 2616667'66666106
683 4250 718 4310 aa
734 4241 773 4296 Ν.
787 4245 929 4301 1.-ιῶν
946 4241 1016 4297 δύο
1007 4249 1040 4312 66
1055 4246 1120 4300 Ρστ.
1137 4263 1187 4294 των
1198 4240 1304 4296 δυστων
1321 4253 1354 4314 γβ
1369 4250 1489 4301 N.2-
1505 4242 1698 4316 ἡμιολίῳλόγῳ·
1715 4244 1783 4314 λογῳ
1793 4267 1842 4298 τοι
1849 4265 1882 4316 p.

320 4341 347 4387 et
368 4352 394 4386 π.
413 4358 444 4369 -
463 4334 504 4385 25.
541 4335 583 4383 καὶ
605 4331 682 4381 τῶνδε
704 4349 798 4399 προαπ.
816 4327 856 4383 Ν.
872 4332 896 4384 2.
919 4334 983 4386 Par.
1001 4357 1034 4368 -
1051 4325 1179 4396 λαβόντων
1194 4347 1224 4397 p.
1243 4357 1274 4370 -
1295 4332 1403 4400 ἑπομένη
1427 4335 1496 4388 N.2.
1519 4336 1582 4386 Par.
1602 4361 1633 4370 -
1650 4333 1691 4385 26.
1725 4336 1795 4382 ἐστίν
1817 4342 1884 4388 ante

317 4421 379 4469 ίστω
398 4436 448 4473 ονε,
471 4415 504 4469 P.
518 4434 546 4486 p.
566 4414 604 4472 N.
615 4417 640 4471 2.
659 4444 691 4454 —
712 4411 754 4466 διὰ
770 4415 819 4464 τῶν
836 4412 854 4465 ε’
874 4416 899 4466 66
917 4417 952 4469 Ν.
962 4414 987 4469 2.
1009 4410 1040 4465 P.
1058 4436 1085 4466 τι.
1103 4442 1135 4452 -
1154 4417 1223 4467 ἔσται
1241 4417 1297 4465 οἷον
1316 4412 1347 4465 τό
1368 4417 1385 4485 γ
1402 4415 1422 4484 γ
1439 4418 1512 4489 τριῶν
1531 4416 1595 4471 Par.
1615 4442 1647 4455 -
1664 4411 1694 4466 τό
1712 4416 1739 4467 66
1756 4413 1778 4466 6
1797 4413 1884 4471 τοῦᾶ

314 4520 341 4571 p.
361 4522 387 4558 τι.
406 4529 438 4540 -
457 4499 489 4552 τῶ
507 4503 532 4552 δὲ
551 4498 571 4552 6
589 4501 637 4552 τοῦ
655 4502 672 4550 ῖι
689 4503 720 4555 Ρ.
738 4527 772 4539 -
789 4496 833 4550 τόν
850 4499 898 4552 τοῦ
914 4499 933 4565 γ
949 4517 979 4567 p.
995 4500 1045 4549 τῶν
1066 4499 1151 4566 τοῦῑγ
1170 4502 1189 4563 γ
1212 4496 1244 4550 Ρ.
1262 4526 1295 4537 -
1314 4494 1359 4566 τὴν
1384 4495 1426 4553 διὰ
1447 4501 1574 4574 τεσσάρων
1594 4498 1625 4557 P.
1645 4530 1677 4538 -
1697 4502 1795 4554 Vocem
1811 4507 1883 4553 ἐστὶν

312 4596 380 4655 pont
399 4592 533 4656 συμφωνία
551 4606 600 4640 σοι.
619 4583 684 4640 Par.
704 4614 734 4622 -
752 4585 795 4640 27.
830 4582 872 4636 διὰ
893 4584 979 4636 πασῶν
1002 4581 1130 4654 διάστημα
1152 4586 1248 4638 omino
1264 4587 1310 4650 μὲν
1323 4601 1352 4652 p.
1371 4612 1403 4624 -
1421 4591 1461 4638 καί
1480 4592 1521 4640 ἐπὶ
1538 4583 1554 4653 6
1574 4583 1616 4638 διὰ
1631 4584 1649 4638 ε’
1670 4583 1707 4638 Ν.
1716 4587 1741 4639 2.
1763 4612 1798 4624 -
1822 4590 1882 4636 οἷον

317 4671 394 4744 τριῶν
409 4691 440 4741 p.
456 4693 482 4724 τι.
502 4701 536 4711 -
554 4676 610 4722 οἷον
627 4690 650 4738 γ,
669 4672 850 4741 superscripto
867 4673 925 4740 τρία
943 4669 976 4725 Ρ,
994 4698 1027 4708 -
1044 4667 1167 4721 τοιούτων
1184 4664 1231 4720 660
1250 4665 1284 4725 P.
1302 4696 1333 4708 -
1350 4663 1367 4735 6
1386 4664 1428 4721 διὰ
1446 4677 1580 4741 συμφωνία
1598 4674 1695 4727 omina
1711 4689 1773 4724 υσοε
1791 4671 1882 4722 πασῶν

313 4774 347 4825 p.
363 4778 403 4823 π,
426 4776 478 4827 pro
496 4777 551 4828 qua
568 4760 624 4812 cod.
643 4754 677 4812 Ρ.
695 4758 796 4812 exhibet
814 4751 842 4806 τ’.
861 4784 894 4794 -
911 4751 957 4822 τὴν
974 4751 1016 4807 διὰ
1034 4754 1121 4806 πασῶν
1138 4756 1285 4823 συμφωνίαν
1303 4756 1405 4810 omissio
1421 4760 1463 4808 καί
1481 4754 1523 4808 διὰ
1540 4753 1558 4807 ε’
1577 4776 1604 4813 ιτ,
1626 4788 1658 4797 -
1680 4751 1696 4822 6
1720 4750 1772 4826 ἄρα
1794 4751 1835 4806 διὰ
1860 4752 1881 4805 ε’

318 4844 361 4892 καὶ
379 4839 523 4895 διαπασῶν
540 4847 607 4895 low
624 4846 649 4893 λυ
665 4844 734 4913 τρ.λ.
755 4838 822 4897 Ρστ.
839 4868 873 4882 -
890 4840 932 4893 28.
950 4845 1003 4894 ίσιι
1020 4843 1153 4909 συμφωνία
1171 4859 1219 4895 σοι.
1238 4835 1274 4892 Ν.
1286 4840 1309 4894 l.
1327 4837 1400 4896 169.
1419 4870 1450 4881 -
1469 4847 1493 4894 ἰν
1510 4845 1668 4913 τριπλασίονι
1680 4842 1881 4912 ρτοτετραπλω-

320 4929 386 4977 οίονι
405 4924 440 4981 Ν.
454 4929 478 4984 l.
496 4925 571 4981 Νἳ.
588 4923 619 4978 P.
