4236 5580
1013 285 1071 374 ot

236 495 269 551 ah
286 493 402 574 Olympo
419 501 551 574 paranete,
567 491 609 547 laia
626 498 724 547 tantum
742 488 894 546 utehauturc
910 508 1091 567 parameae,
1108 488 1200 555 trite,
1217 498 1301 544 nete.
1337 486 1442 546 Deinde
1459 507 1522 546 reru
1539 489 1692 547 interiectna
1709 489 1777 546 intra
1790 510 1865 568 para·

236 600 325 637 meren
343 590 370 635 et
387 580 462 635 triten
480 595 559 632 aouua
577 577 634 654 ipce
651 576 725 632 tritor
742 594 836 631 nomen
854 575 968 652 accepit,
993 573 1063 630 nude
1081 594 1148 652 quac
1166 574 1227 629 trite
1244 583 1272 628 et
1289 572 1412 631 diatonici
1430 585 1458 630 et
1475 575 1626 654 Olympiaci
1643 576 1746 650 generia
1758 628 1760 632 .
1771 574 1863 644 luerat,

235 675 359 743 paranete
382 662 538 728 vocabatur,
564 671 592 717 ut
616 661 768 717 recentioris
789 661 933 716 enarmonii
959 656 1073 715 chordae
1100 658 1194 715 iisdem
1221 658 1317 734 quihua
1342 658 1466 715 diatonici
1489 664 1663 735 aiguarentnr:
1689 680 1863 739 paramese,

236 751 331 817 trite,
354 757 523 827 paranete,
551 765 646 803 meae.
682 745 720 801 lta
743 746 788 821 qui
811 742 844 799 de
862 745 1006 801 recentiore
1023 744 1173 800 euarmuuio
1191 745 1306 818 cogitana
1323 754 1397 800 vetua
1415 743 1555 812 deacrihit,
1575 755 1647 802 recte
1665 745 1756 803 dicere
1770 757 1868 825 puteat,

149 831 151 839 ’
236 844 339 890 vetere·
363 836 390 889 in
408 831 574 909 Olympionia
595 829 722 909 apondeia
739 833 814 886 tritia
831 832 1007 894 οιιιίιιιιίιιι,
1028 827 1056 885 id
1074 827 1144 907 quod
1163 827 1360 886 Plutarchus
1378 828 1440 885 lecit
1457 849 1515 908 cap.
1533 833 1578 887 19:
1595 827 1651 885 “On
1666 831 1695 884 δὲ
1713 836 1740 884 ot
1757 835 1865 886 παλαιοὶ

236 914 267 972 oti
290 922 318 972 δι
342 912 448 986 ἄγνοιαν
470 910 607 981 ἄπιίχονιο
630 918 676 984 τῆς
696 921 780 986 τρίτης
802 920 828 968 ia
844 915 880 980 τῷ
896 912 1087 975 σπονδειάζοντι
1103 911 1188 985 τρὸπηι
1206 912 1316 985 φοιιρὸν
1332 923 1403 968 ποιεῖ
1419 911 1436 984 ἡ
1455 921 1481 968 ἐν
1497 917 1530 987 τῇ
1545 914 1645 987 ιροὺοιι
1660 923 1783 987 γινομένη
1798 919 1863 987 χρη-

236 1019 283 1062 οις·
306 1031 340 1042 -
360 997 424 1055 itti
441 1003 520 1069 δηλον
537 998 623 1054 ὅτιτὸ
640 1002 689 1054 τοῦ
705 999 811 1058 κάλλους
827 991 905 1066 ἦθος,
924 993 941 1049 ὃ
958 1005 1054 1067 γίνεται
1071 1005 1097 1053 ie
1112 999 1148 1065 τῷ
1165 1000 1319 1067 σπονδειακῷ
1334 998 1419 1070 τρόπῳ
1437 996 1481 1054 διὰ
1496 998 1543 1068 τήν
1560 1003 1606 1068 τῆς
1626 1007 1711 1072 τρίτης
1733 1006 1864 1073 δξολριοιν,

237 1081 309 1141 τοῦτ’
325 1081 357 1156 ἦν
374 1083 404 1139 ιδ
422 1083 468 1153 τὴν
483 1091 608 1153 αἴσθησιν
625 1079 708 1138 αὐτοῖν
725 1083 820 1152 ἐπάγοι
837 1086 879 1136 ini
895 1081 926 1134 τὸ
944 1081 1098 1151 διαβιβάζειν
1114 1079 1146 1135 ιδ
1162 1086 1238 1154 μέλος
1254 1087 1296 1136 tut
1313 1081 1360 1151 cria
1376 1082 1532 1156 παρανήτην.

192 1208 197 1226 .
303 1170 352 1228 His
371 1172 415 1237 ita,
435 1181 580 1248 praeeunte
598 1170 722 1236 Burneio,
739 1166 774 1223 de
791 1169 933 1224 enarmonii
950 1168 1053 1242 generie
1073 1169 1221 1225 inventione
1238 1178 1266 1223 et
1282 1189 1331 1225 nau
1349 1170 1504 1236 conutitutis,
1522 1167 1663 1228 dicendum
1680 1180 1721 1226 ιιι
1738 1169 1775 1227 de
1792 1169 1866 1226 claro·

235 1265 313 1322 anate.
328 1255 399 1334 quod
417 1255 530 1312 similem
548 1254 587 1312 illi
605 1256 738 1330 originem,
755 1249 804 1308 aed
822 1271 879 1308 eam
897 1252 930 1308 ad
948 1253 1013 1310 illud
1032 1255 1158 1309 rationem
1176 1251 1283 1321 hahere,
1301 1274 1368 1331 quae
1386 1263 1426 1310 eet
1442 1257 1510 1311 iuter
1528 1253 1619 1312 ducam
1637 1264 1664 1310 et
1681 1253 1793 1312 mollem
1805 1276 1865 1313 aca-

235 1339 298 1408 lam,
316 1360 349 1396 ex
366 1341 400 1396 iia
417 1339 583 1415 intelligetur,
602 1358 670 1414 quae
689 1335 816 1392 demodia
833 1338 889 1392 aive
907 1340 990 1417 tropia
1009 1337 1138 1416 diapntata
1156 1358 1170 1393 a
1190 1358 1232 1394 me
1249 1341 1349 1417 pag38
1365 1349 1434 1408 aunt,
1448 1339 1493 1396 uhi
1511 1359 1525 1394 ο
1544 1342 1659 1417 quinque
1676 1339 1730 1396 illie
1748 1350 1776 1397 ιι
1793 1351 1866 1396 rete·

235 1425 308 1482 rihue
331 1435 359 1481 et
381 1423 537 1481 chriatianae
560 1422 688 1480 eccleciae
710 1424 814 1479 usitatio
837 1421 922 1480 modia
947 1423 1057 1480 Dorium
1080 1434 1107 1478 et
1128 1422 1307 1502 llypudoriuna
1331 1423 1436 1493 muller,
1464 1424 1578 1499 Lydium
1600 1438 1628 1482 et
1648 1424 1864 1505 hypophrygium

235 1510 328 1576 duros.
353 1510 493 1586 Phrygium
517 1508 699 1566 intermedium
722 1509 789 1563 inter
811 1507 889 1564 duroa
911 1517 938 1563 et
961 1507 1054 1565 muller
1072 1527 1131 1565 eece
1148 1511 1264 1586 exposui·
1299 1510 1385 1587 Atque
1403 1510 1501 1567 Duriua
1518 1511 1626 1588 quidem
1643 1523 1671 1568 et
1688 1510 1864 1591 llypodoriun

235 1597 332 1674 qnippe
348 1614 457 1672 qnorum
475 1592 639 1650 tetrachorda
656 1594 822 1649 semitonium
841 1594 866 1647 in
884 1595 956 1667 grani
974 1592 1083 1660 habent,
1106 1613 1167 1650 rece
1185 1594 1281 1651 Graeci
1298 1595 1369 1652 modi
1384 1606 1457 1664 aunt,
1479 1599 1574 1665 ceteri,
1597 1607 1627 1653 ut
1649 1616 1685 1654 ex
1704 1596 1767 1654 aliia
1788 1599 1865 1654 inter·

236 1679 300 1737 valli
316 1679 478 1737 diatessaron
496 1679 587 1755 liguris
604 1680 667 1745 nati,
684 1677 798 1734 harbari.
824 1677 916 1755 ltaque
934 1678 1111 1735 enarmonium
1128 1696 1210 1752 genua
1227 1681 1256 1744 (e
1274 1708 1306 1721 -
1325 1681 1338 1738 l
1351 1711 1385 1722 -
1403 1687 1437 1748 a),
1455 1679 1563 1736 eDorio
1573 1680 1739 1739 tetrachordo
1758 1684 1789 1750 (ι
1806 1680 1868 1739 -l

238 1785 306 1839 -g
323 1794 355 1807 -
372 1767 401 1832 a)
419 1775 519 1832 natum,
545 1763 675 1820 Graecum
696 1764 753 1818 aive
777 1760 855 1818 ruoilo
878 1772 920 1818 eat
940 1760 1069 1819 melodiae
1092 1782 1186 1838 genum
1207 1766 1260 1821 iam
1281 1766 1317 1833 ai,
1341 1764 1410 1842 quud
1433 1764 1564 1845 Olympon
1586 1769 1611 1823 in
1635 1766 1718 1824 Dorio
1739 1767 1817 1839 lecit.
1837 1767 1866 1824 ld

169 1856 172 1863 '
239 1852 268 1906 in
285 1849 403 1905 barbaria
419 1848 472 1905 illia
490 1847 662 1904 tetrachordia
679 1848 710 1915 (c
727 1879 757 1889 -
779 1847 848 1903 d-
865 1868 880 1902 e
900 1877 931 1887 -
949 1847 967 1916 l',
984 1847 1026 1903 rel
1044 1845 1062 1902 d
1082 1877 1113 1888 -
1131 1869 1146 1904 ι
1164 1878 1197 1890 -
1215 1850 1275 1907 l'-
1292 1852 1322 1925 g)
1340 1849 1435 1907 lactum
1454 1861 1502 1918 eat,
1522 1864 1550 1908 nt
1564 1853 1657 1909 tentus
1673 1872 1756 1910 annua
1765 1855 1867 1909 omitte·

234 1945 318 2002 retur,
333 1933 446 1990 melodia
464 1935 561 2001 eraait,
584 1953 652 2010 qnae
670 1931 785 1989 medium
802 1952 895 1989 aouurn
912 1933 1050 1989 aemitoniu
1067 1935 1208 1991 acutiorem
1226 1955 1303 2013 quam
1321 1933 1365 1991 illa
1383 1937 1531 1993 enarmonia
1549 1935 1667 1994 haberet.
1703 1935 1774 1995 Rem
1792 1939 1867 1994 laeile

234 2039 269 2077 ex
286 2018 336 2076 hac
354 2019 442 2076 tahnla
460 2014 598 2094 intelliges.
616 2018 660 2076 ubi
678 2017 851 2096 Olympianno
869 2037 884 2073 e
902 2016 984 2074 Duria
1000 2017 1070 2074 acala
1088 2029 1163 2075 natac
1182 2019 1332 2078 harmonice
1349 2023 1467 2100 opposita
1485 2041 1516 2078 ea
1533 2020 1605 2079 coela
1621 2032 1670 2087 eet,
1686 2043 1756 2100 quae
1773 2023 1867 2080 iiadem

235 2104 361 2178 gradihus
378 2107 482 2161 omiaaia
498 2124 513 2159 ι
531 2101 615 2178 Lydia
633 2101 676 2159 vel
693 2100 877 2181 hypophrygia
895 2102 938 2158 rel
956 2101 1066 2178 Phrygia
1084 2103 1184 2170 evadit;
1205 2103 1255 2161 hae
1272 2108 1342 2162 euim
1359 2116 1413 2162 trec
1431 2108 1457 2162 in
1479 2107 1512 2162 iia
1534 2116 1632 2164 ιιοιοι
1652 2111 1724 2165 aonia
1747 2110 1815 2165 inter
1836 2129 1866 2165 ιι

233 2189 369 2258 differunt,
388 2193 448 2267 qui,
465 2188 510 2246 uhi
528 2188 561 2244 ad
580 2188 732 2266 Olympiaui
750 2189 893 2252 enarmonii
915 2189 1065 2267 exemplum
1086 2193 1217 2262 τριχορδοι
1237 2189 1299 2247 ἱΙΙιι
1321 2201 1460 2258 canuntur,
1485 2191 1623 2260 exciduut;
1642 2191 1671 2249 id
1693 2192 1768 2271 quod
1791 2196 1865 2251 utin

234 2273 324 2332 oculoe
340 2275 432 2340 cadat,
449 2283 479 2331 ut
495 2274 659 2330 enarmoniae
676 2272 762 2330 scalae
780 2272 901 2341 Dorium,
919 2275 955 2330 ita
972 2273 1146 2332 chromaticae
1163 2294 1255 2334 omnen
1270 2275 1332 2332 illae
1348 2286 1402 2334 trea
1420 2274 1521 2334 adiiciu.

472 2391 658 2448 Euaemonium
677 2410 757 2466 genua
776 2400 865 2448 natum
1263 2393 1460 2452 chromaticum
1478 2415 1559 2471 genua
1575 2407 1664 2454 natum

555 2496 571 2532 e
588 2475 668 2533 Duria
685 2473 769 2531 acala:
1350 2499 1366 2535 e
1384 2480 1495 2538 barbara
1511 2480 1596 2540 acala:

233 2916 328 2976 om:
342 2913 969 3003 tle--=-1'====
985 2911 1080 2990 nn„

342 3010 385 3045 ΙΙ
522 3005 969 3048 Dru-...-

235 3750 286 3821 (2⁰¹
307 3736 466 3796 cnromaticu
487 3733 576 3807 generi
592 3749 650 3787 eam
667 3729 701 3787 ad
719 3731 896 3788 enarmonium
914 3748 996 3807 genua
1011 3731 1137 3788 rationem
1154 3748 1225 3798 eane,
1243 3750 1294 3808 qna
1312 3730 1377 3788 dura
1394 3732 1449 3788 aire
1467 3732 1578 3794 barbara
1595 3733 1665 3792 acala
1681 3756 1695 3791 a
1713 3734 1788 3793 mulli
1806 3742 1869 3799 aiae

234 3826 336 3885 Graeca
353 3818 450 3889 diliert,
466 3817 544 3875 iacile
561 3816 676 3892 colligar,
693 3818 716 3873 ei
734 3815 805 3895 quod
822 3817 988 3874 enarmonico
1004 3815 1134 3875 melodiae
1151 3814 1301 3894 exemplum
1317 3836 1397 3895 anper
1414 3817 1487 3886 liuxi,
1505 3817 1533 3875 id
1545 3819 1572 3876 iu
1583 3818 1772 3880 chromaticum
1782 3844 1868 3902 gem

236 4644 327 4720 ltaque
344 4660 423 4719 quam
442 4638 547 4698 emolli
564 4639 693 4698 diatonica
710 4641 782 4699 acala
800 4645 925 4718 originem
943 4644 1093 4701 enarmonio
1109 4642 1198 4719 generi
1215 4639 1371 4701 Plutarehna
1390 4645 1494 4712 tribuit,
1515 4657 1556 4716 ut,
1576 4652 1711 4721 τρίχορδον
1733 4652 1864 4729 primitur,

235 4741 324 4808 poetea
342 4727 450 4785 demum
467 4727 493 4782 in
511 4724 704 4785 tetrachordum
725 4725 894 4805 depravatum
911 4731 957 4795 eit,
974 4749 1033 4787 cam
1050 4748 1065 4784 e
1083 4726 1147 4785 dura
1165 4726 1293 4783 diatonica
1309 4729 1381 4786 acala
1398 4730 1563 4788 tribuendam
1578 4732 1704 4790 chromati
1718 4754 1778 4792 ιιιι
1790 4747 1865 4810 puto,

236 4813 327 4870 itidem
349 4813 470 4892 primitur
493 4807 639 4868 trichordoa
661 4823 739 4889 atque
763 4831 796 4867 ex
818 4810 869 4870 hoc
890 4824 993 4872 retuato
1015 4813 1160 4880 chromate,
1182 4812 1343 4891 iuterpoeitia
1361 4817 1397 4884 τᾷ
1417 4818 1500 4884 mei
1515 4817 1679 4877 intermediia
1694 4821 1767 4879 conia
1784 4829 1866 4900 (quoe

236 4903 440 4973 daeetgeterade
457 4899 547 4953 Νιιιιι
564 4896 702 4953 vernacule
719 4901 865 4968 rocamun)
881 4898 933 4957 hoc
949 4918 1043 4957 recem
1059 4897 1247 4956 chromaticum
1263 4919 1345 4976 gcnna
1360 4911 1449 4959 natum
1465 4920 1535 4959 eane:
