4236 5580
1835 216 1882 243 i's

1829 246 1924 327 ἵῧῆ.

1855 310 1890 349 ιιιΙ

1753 410 1757 421 Ι

239 566 316 628 μεν,
373 539 397 623 ἢ
439 548 538 621 ἔστιν,
593 539 674 627 ὅταν
717 549 752 609 ὲν
794 538 909 617 adrolo
951 545 1021 618 τοῖς
1063 535 1291 626 τετραχόρδοις
1333 535 1375 603 sol
1418 536 1496 620 ἤθη
1525 539 1591 605 τῶν
1623 539 1788 630 φθόγγων
1818 541 1880 628 sris

238 642 446 729 μετάπτωσιν
494 643 662 738 λαμβάνῃ·
718 639 780 723 τὴν
824 644 859 709 δὲ
902 640 986 709 κατὰ
1026 640 1145 719 τόπον,
1192 640 1274 708 ὅταν
1306 637 1324 706 ὁ
1355 636 1469 721 τόνος·
1495 649 1529 708 ἐκ
1571 643 1637 708 τῶν
1680 642 1880 713 ὑπατσειδῶν

460 742 485 780 0
1439 754 1454 789 sl

240 1004 269 1052 re
285 984 448 1056 παραλλαγῆς
464 987 522 1054 περὶ
538 979 571 1036 τὸ·
586 986 662 1053 μέλος
680 977 895 1052 αποτελσυμένης,
919 978 983 1034 ὅταν
1007 978 1069 1033 ὅλον
1090 977 1187 1050 ὁμοίως
1210 975 1261 1032 ὑπὸ
1278 980 1327 1030 sois
1348 986 1563 1052 βαρυφονοτερυν
1580 975 1600 1078 si
1616 983 1665 1033 esis
1685 975 1879 1055 σ’ξτφοινοτέρειν

241 1061 386 1167 οἷμονηιστεῖν
402 1072 611 1166 διαπεραένητφι·
630 1060 684 1119 ἄλλ’
705 1070 773 1120 iussu
787 1068 835 1120 τοῦ
850 1064 915 1119 κατὰ
932 1064 979 1133 τῆν
995 1071 1059 1137 μίαν
1065 1062 1164 1165 φφιῆν
1180 1063 1210 1116 τὸ
1227 1057 1291 1116 αὐτὸ
1308 1066 1384 1134 μέλος
1401 1069 1465 1117 nori
1477 1070 1524 1134 μὶν
1537 1061 1590 1117 sind
1601 1063 1690 1118 τῶνό
1679 1065 1880 1138 ,υτέρυντότειν

241 1144 396 1224 ἐρχόμενον
403 1159 466 1206 ποτὶ
485 1148 547 1205 dl
529 1149 583 1205 απὸ
599 1153 649 1204 τῶν
665 1157 820 1222 βαρυτέραν,
841 1149 939 1249 τροπήν
955 1172 1012 1203 essu
1029 1152 1077 1203 τοῦ
1092 1145 1179 1217 ῆθους
1196 1143 1342 1201 οἶποτελεῖν·
1366 1150 1402 1217 τρῖ
1421 1155 1510 1219 μηκέτι
1526 1147 1590 1221 πρὸς
1614 1147 1717 1232 έκὰττρα
1733 1149 1768 1202 τὰ
1784 1157 1880 1223 πέρατα

238 1237 287 1289 τοῦ
306 1239 400 1305 μέλους
416 1236 650 1310 συναπαρτίεσθαι
669 1234 701 1288 soi
724 1238 770 1304 τῆς
793 1237 878 1306 φανῆς
900 1242 926 1289 έν
948 1245 1006 1296 ταῖς
1028 1237 1079 1287 τοῖν
1098 1233 1180 1285 τόνων
1201 1236 1363 1299 έναλλαγαῖς
1387 1226 1441 1284 ἇλλ
1464 1226 1506 1286 sisi
1526 1217 1741 1304 προταταλῆγειν,
1768 1239 1809 1287 lui
1832 1240 1879 1333 μλη

239 1318 341 1392 θάτερα
357 1319 387 1373 so'
406 1323 452 1389 τῆς
469 1323 555 1391 φωνῆς
572 1327 648 1391 πέρας
663 1321 712 1374 τοῦ
728 1341 776 1373 τον
765 1321 894 1391 μέλους·
920 1326 962 1374 nst
981 1323 1008 1374 dl
1024 1317 1058 1374 τὰ
1078 1323 1180 1373 έναντία
1203 1317 1234 1369 ου’
1251 1338 1299 1370 του
1288 1319 1407 1388 μέλους
1423 1323 1501 1388 πέρας
1516 1318 1565 1370 τοῦ
1581 1319 1627 1385 τῆς
1652 1319 1748 1387 φωνῆς·
1771 1314 1831 1378 sicce
1847 1316 1878 1370 ssi

239 1406 343 1476 ὶξαρχῆς
360 1403 510 1475 έφοιρμὸσαν
526 1427 558 1477 τη
548 1404 756 1458 διαστάσει
722 1425 768 1473 της
784 1406 870 1474 φωνῆς
886 1407 975 1474 μέλος,
995 1406 1033 1478 πῆ
1054 1410 1101 1475 μὲν
1123 1395 1266 1455 ἀπολεῖπον
1286 1407 1313 1455 έν
1329 1411 1387 1462 ταῖς
1403 1405 1569 1472 μεταβολαῖς,
1593 1402 1631 1474 πῆ
1653 1403 1679 1454 dl
1694 1401 1878 1473 έττιλαμβάνον,

239 1491 324 1562 λτέρου
340 1486 428 1557 sidone
445 1496 588 1559 φαντασίαν
605 1497 707 1562 παρέχει
722 1498 778 1548 ταῖς
795 1483 893 1547 rixosis

306 1571 401 1629 llestst
419 1582 448 1628 ut
465 1583 610 1631 ceterorum
633 1575 788 1652 scriptorum
811 1575 954 1631 sententias
977 1572 1011 1629 sls
1032 1575 1174 1630 mutatione
1197 1571 1318 1639 siiersm,
1341 1590 1422 1648 quum
1445 1572 1595 1652 discrepare
1621 1571 1655 1628 sh
1677 1571 1727 1629 hoc
1749 1573 1877 1650 scriptore

237 1659 266 1713 iu
287 1656 419 1714 nonnullis
437 1656 581 1716 sidesntur.
619 1657 686 1715 Sunt
704 1658 743 1715 illi
764 1659 925 1715 Euclides
948 1659 1022 1738 (φορ.
1039 1662 1074 1713 90
1093 1670 1119 1715 et
1135 1658 1185 1722 21)
1207 1677 1267 1714 uum
1285 1655 1435 1713 lllsnuels
1458 1659 1623 1732 Bryennio
1641 1659 1713 1737 (φορ.
1732 1659 1808 1728 399),
1831 1660 1878 1736 qui

238 1761 300 1798 eum
318 1741 352 1799 sd
370 1742 480 1798 verbum
499 1743 525 1796 in
544 1741 586 1797 his
605 1745 759 1822 exscripsit,
784 1743 964 1801 llsrtiusos
982 1743 1123 1821 Cspellu
1146 1745 1219 1821 (psg.
1240 1743 1298 1808 189,
1315 1740 1422 1809 llleih.),
1444 1742 1609 1798 Bscchius
1627 1745 1700 1819 (ρος.
1719 1744 1753 1797 18
1774 1752 1802 1799 et
1818 1742 1877 1813 1⁴),

238 1827 335 1902 quihus
354 1846 384 1882 eu
403 1825 524 1882 uddeuds
543 1838 617 1895 sont,
643 1848 710 1904 quse
734 1828 812 1885 huius
834 1831 984 1906 scriptionis
1007 1839 1109 1894 suctor,
1130 1837 1194 1883 sect
1216 1829 1263 1893 65,
1285 1825 1389 1882 direrss
1413 1826 1446 1881 sh
1469 1825 1520 1882 hoc
1543 1825 1614 1892 loco,
1639 1829 1738 1905 quippe
1761 1848 1795 1884 ex
1816 1827 1878 1894 slio,

236 1920 266 1969 ut
288 1911 404 1977 ridetur,
426 1912 554 1989 scriptore
578 1912 731 1990 desumpto,
755 1912 840 1970 docet.
875 1912 943 1970 Nsnr
962 1913 1192 1978 Aristoxenus,
1217 1911 1291 1966 coins
1315 1909 1494 1966 definitionem
1518 1913 1668 1966 mutationis
1693 1931 1771 1988 suprs
1793 1911 1877 1979 sttull,

238 2005 436 2070 prseteresnou
448 1999 529 2070 tsngit
546 2016 615 2064 rem,
632 2000 683 2052 nisi
701 2016 761 2075 φορ.
779 2000 804 2064 7,
822 1998 867 2054 uhi
885 1996 936 2053 hoc
954 2007 1053 2053 tsntum
1073 1996 1151 2063 dicit,
1173 2015 1223 2051 nou
1242 1996 1275 2050 sh
1285 1995 1407 2051 omuibus
1419 1994 1505 2052 modis
1518 1997 1543 2052 in
1558 2015 1649 2051 omnes
1659 1993 1716 2049 lieri
1728 1996 1876 2052 trsnsitun.

305 2081 394 2157 sitque
412 2083 525 2157 primum
544 2079 709 2137 Bscchius
728 2091 829 2158 septem
848 2092 984 2138 enumerst
1000 2079 1156 2151 μεταβολάς,
1179 2099 1289 2155 qusrom
1307 2089 1361 2135 tres
1379 2090 1440 2135 sunt
1457 2079 1636 2154 rhythmicus,
1658 2077 1803 2134 melodicse
1825 2078 1876 2134 hse

236 2173 360 2240 quotuor:
381 2163 479 2232 γενικῆ,
503 2162 690 2235 συστηματικῆ,
711 2164 775 2217 κατὰ
790 2163 902 2237 τρόπον,
925 2159 1084 2233 succisione.
1120 2163 1187 2220 Cum
1206 2183 1239 2218 eo
1256 2165 1337 2219 ceteri
1355 2165 1533 2230 consentiunt,
1555 2165 1605 2219 nisi
1624 2161 1694 2239 qnod
1713 2163 1875 2236 rhythmicus

236 2250 337 2315 cuncti,
360 2247 550 2322 Anonymus
574 2252 653 2305 etism
676 2260 810 2326 qusrtsm,
838 2269 906 2325 ques
930 2259 972 2304 est
992 2247 1055 2301 κατὰ
1085 2240 1169 2314 ῆθσς,
1194 2251 1358 2316 omittentes,
1386 2248 1430 2305 hic
1453 2249 1501 2303 triu
1523 2257 1623 2303 tuntum
1645 2267 1753 2321 genero,
1779 2248 1875 2325 reliqui

236 2341 349 2410 qustuor
367 2340 491 2390 statuunt.
527 2331 664 2390 Praetores
683 2336 772 2403 tertis,
792 2355 858 2411 quse
880 2332 945 2386 κατὰ
962 2330 1059 2404 τρόπον
1077 2331 1147 2411 spud
1166 2332 1344 2389 Bscchium
1362 2342 1417 2401 est,
1434 2331 1520 2400 τσνυτῆ
1540 2332 1572 2386 sh
1591 2333 1624 2386 iis
1642 2333 1699 2387 sire
1716 2329 1875 2403 senticosus,

237 2427 344 2494 quorts,
364 2417 397 2471 uh
416 2417 471 2474 illis
491 2427 582 2474 rocstu
599 2416 663 2471 κατὰ
680 2411 764 2488 η’θσς,
790 2419 823 2474 uh
847 2417 984 2475 Euclide
1007 2416 1072 2469 κατὰ
1088 2420 1255 2483 μελοποιίαν,
1280 2436 1295 2471 s
1317 2416 1477 2473 llsrtisuo
1498 2419 1623 2473 trsnsitus
1644 2437 1696 2488 ρετ
1713 2423 1875 2475 modslstis-

234 2500 296 2559 sort
320 2510 434 2558 vocatur.
475 2500 550 2558 llsnc
575 2522 639 2559 sero
664 2514 824 2582 postremsm
852 2523 903 2559 uon
929 2513 1000 2558 recto
1032 2503 1100 2557 inter
1129 2520 1226 2576 genero
1252 2504 1404 2558 mutstionis
1432 2505 1592 2571 enumersri,
1629 2502 1679 2559 sed
1709 2506 1788 2560 totius
1817 2506 1873 2562 eius

236 2584 415 2642 definitionem
434 2587 522 2664 potius
540 2590 673 2644 continere
692 2610 725 2646 ex
743 2590 776 2644 iis
795 2597 916 2665 sppsret,
939 2606 1006 2664 quse
1029 2584 1212 2664 explicationis
1236 2606 1314 2643 csuss
1337 2586 1376 2642 illi
1398 2588 1540 2664 scriptores
1563 2546 1675 2654 sddunt,
1696 2607 1748 2644 uon
1770 2587 1873 2663 regulus

235 2670 338 2749 sliqoss
362 2670 531 2736 modulandi,
556 2672 604 2727 sed
628 2673 752 2729 ellectum
769 2673 920 2728 mutstiouis
941 2675 968 2727 in
991 2674 1142 2728 universum
1167 2669 1332 2726 exhibentes.
1370 2670 1475 2726 Etenim
1497 2669 1664 2726 Bscchlus
1686 2671 1763 2727 dicit.
1790 2669 1826 2723 Ἡ
1846 2677 1873 2726 dl

235 2753 298 2808 sosoi
314 2777 345 2808 το
363 2749 433 2824 ῆθος
451 2753 595 2826 (μεταβσλῆ
612 2761 641 2807 τέ
655 2753 785 2824 έστιν);”
770 2776 833 2808 οταν
850 2762 875 2809 is
891 2757 1012 2808 ταπεινοῦ
1028 2759 1063 2815 εἷς
1079 2757 1278 2825 μεγαλοπρεπές,
1302 2748 1321 2820 ’l
1341 2750 1403 2812 li‘
1386 2753 1487 2822 ησυχσυ
1509 2757 1551 2804 καλ
1568 2773 1661 2804 σιννου
1678 2758 1714 2812 εἰς
1735 2774 1873 2824 παρατετι-

234 2836 309 2908 νητός
325 2846 435 2907 γένηται
471 2837 661 2895 ldsrtisons:
681 2842 736 2893 Ροε-
753 2843 960 2892 modulationem
977 2838 1023 2905 (fit
1042 2839 1193 2903 trsnsitos),
1217 2857 1299 2907 quum
1317 2857 1349 2892 ss
1371 2841 1427 2892 sliu
1449 2841 1538 2906 specis
1560 2840 1747 2892 modulandi
1736 2858 1764 2891 sn
1790 2842 1873 2895 niun

234 2927 381 2989 desilisset,
397 2926 440 2977 uel
456 2941 538 2992 ηυτστ
555 2942 573 2976 u
590 2925 665 2976 cirili
680 2925 999 2978 contilsrsotronsitusin
1012 2925 1262 2989 soumisessusodos
1273 2925 1318 2990 fit.
1354 2919 1512 2978 Euclides
1532 2939 1591 2975 cum
1610 2918 1775 2977 llsnuelo·
1792 2922 1873 2976 Κατὰ

235 3010 262 3062 dt
270 3010 424 3078 μελοποιίαν
438 3010 534 3073 γίνεται
546 3002 720 3076 μειοβσλῆ,“
703 3027 765 3058 οταν
774 3012 799 3060 lu
812 3006 988 3058 διασταλτιισῦ
1004 3002 1151 3072 (ldsnuel
1170 3023 1229 3061 cum
1247 3002 1380 3061 nonnullis
1399 3002 1550 3061 Euclldis
1568 3003 1643 3060 codd.
1662 3026 1799 3085 perpersm
1817 3010 1874 3061 siss-

234 3091 405 3162 στηματικσῦ)
423 3086 509 3159 ῆθσις
526 3090 557 3159 (e
566 3089 674 3147 suhlrmr
685 3099 763 3166 utque
772 3092 893 3159 sncrtsto)
912 3094 947 3149 εὶς
958 3087 1121 3142 consulturis
1139 3092 1179 3157 (sn
1189 3083 1320 3158 molle)
1300 3111 1317 3156 η
1337 3085 1748 3167 ῆσυχαστικὸν(ῑττσηοὶ11ατττ)ῆ
1765 3087 1821 3151 ti‘
1804 3112 1873 3160 ησυ-

234 3195 355 3244 χαστασυ
372 3179 409 3235 εἴς
425 3195 449 3227 τι
467 3176 517 3227 πᾶν
533 3172 661 3228 λσσιιῖν
644 3198 661 3244 η
678 3172 807 3247 pausuli
824 3182 986 3243 γενηταιμ-
1005 3176 1050 3251 qui
1069 3173 1214 3230 crotileuse
1232 3172 1398 3230 chsrsoteres
1415 3183 1551 3250 prseteres
1570 3196 1620 3231 unu
1636 3175 1721 3232 solum
1735 3175 1873 3236 melodicls

235 3258 284 3317 sed
304 3261 382 3315 etism
400 3258 557 3335 rhythmicis
576 3261 763 3318 mutstionihus
783 3269 809 3316 et
828 3260 978 3316 efficiuntur
999 3271 1026 3314 et
1048 3261 1193 3326 vsriuntur,
1215 3258 1286 3315 uude
1309 3257 1481 3315 Aristides
1504 3279 1563 3337 psg.
1581 3263 1615 3315 49
1632 3258 1710 3318 dicit.
1731 3259 1825 3333 τρόποι
1846 3266 1873 3317 n
1972 3279 1976 3286 ’

235 3339 269 3404 εἷς
292 3339 430 3416 ἆρμσνέας,
452 3350 495 3398 sui
516 3348 696 3444 pudponostue
717 3347 751 3413 τᾷ
774 3352 841 3414 μένει
862 3354 942 3418 τρεῖς·
969 3341 1147 3412 συστσλτινός,
1174 3341 1363 3409 διασταλτιεός,
1395 3340 1573 3411 ῆσυχαστιτός.
1612 3343 1684 3401 flsec
1707 3347 1785 3420 igitur
1809 3345 1875 3401 sosoi

234 3431 426 3500 μελοποιίαν
403 3449 461 3486 τινε
478 3451 542 3482 κατα
558 3423 627 3498 ηθος
645 3432 766 3499 mutetis,
789 3451 870 3508 quum
889 3430 997 3486 mutstio
1015 3450 1065 3508 per
1082 3449 1112 3484 ss
1130 3439 1215 3497 esset,
1241 3430 1268 3485 in
1285 3428 1468 3504 generibus'
1445 3448 1502 3485 esus
1520 3430 1705 3486 enumerandis
1728 3431 1873 3488 omitteuds

234 3513 269 3570 sh
286 3513 340 3570 illis
358 3512 532 3588 scriptoribus
550 3523 617 3583 esst,
642 3525 670 3570 et
689 3526 761 3570 recto
784 3516 882 3571 omisso
904 3522 945 3570 est
969 3514 1002 3569 slr
1028 3514 1078 3571 hoc
1102 3516 1231 3592 scriptore
1253 3523 1318 3570 sect.
1339 3515 1432 3569 65.-
1400 3512 1546 3590 -ltsque
1569 3526 1712 3594 supersunt
1735 3514 1784 3571 hse
1806 3526 1872 3574 tres:

232 3594 332 3667 γενικὴ,
356 3593 457 3664 ισνικῆ,
482 3597 668 3668 συστηματικῆ,
691 3618 801 3675 quorum
824 3617 905 3674 quum
927 3599 1028 3674 priores
1046 3598 1112 3657 durs
1136 3599 1176 3654 illi
1194 3599 1338 3676 scriptores
1361 3599 1396 3653 its
1419 3596 1564 3676 explicent,
1588 3611 1617 3655 ut
1639 3600 1711 3656 illum
1734 3601 1873 3658 sdlstouo

234 3683 260 3739 iu
283 3681 353 3739 sliud
375 3699 470 3755 genus,
495 3680 562 3737 hunc
586 3702 601 3738 e
623 3681 706 3737 Dorio
728 3682 772 3738 sel
795 3681 957 3756 Phrygium
980 3682 1059 3739 slium
1082 3681 1189 3739 modum
1213 3681 1271 3738 lieri
1294 3681 1412 3738 diceutes
1434 3703 1485 3739 uon
1510 3683 1660 3764 discrepent
1678 3685 1744 3740 sh
1736 3688 1783 3755 ris,
1804 3706 1873 3763 qoss

233 3786 313 3844 supro
331 3764 365 3822 ds
383 3764 426 3822 his
444 3766 631 3822 mutulionihos
650 3765 781 3844 dispulsis
799 3778 873 3832 suut,
898 3766 931 3821 de
949 3766 1006 3822 sols
1028 3764 1091 3820 κατὰ
1109 3765 1226 3836 σύστημα
1252 3767 1393 3823 mutstions
1411 3765 1552 3824 dicendum
1571 3769 1657 3825 sdhuc
1675 3780 1769 3836 restst,
1792 3788 1871 3846 quum

233 3871 248 3907 s
268 3850 377 3927 reliquis
395 3846 459 3903 sosoi
476 3850 552 3903 τόνον
570 3853 772 3920 ισσιτΙίοσίΙτυε,
790 3853 840 3906 etsi
857 3852 965 3930 proprie
984 3869 1035 3905 uon
1052 3850 1199 3919 diversam,
1222 3872 1252 3907 es
1271 3850 1305 3907 ds
1323 3871 1401 3908 csuss
1420 3853 1567 3908 secrevisse
1585 3852 1624 3908 illi
1640 3852 1774 3921 ridentur,
1800 3851 1873 3930 quod

233 3946 261 3992 et
280 3935 481 3992 usltstissimum
506 3956 595 3994 esrum
617 3955 699 4012 genus
723 3946 791 4005 erut,
821 3946 861 4004 et,
893 3944 1002 4016 propter
1026 3935 1186 3992 tetrachordi
1215 3955 1403 4011 synemmenon
1431 3956 1520 4004 usum,
1549 3938 1626 3992 unios
1653 3936 1742 3993 scslss
1771 3937 1872 3995 smhitu

233 4021 422 4078 ooutiuehutur.
463 4019 513 4076 llic
535 4021 604 4077 euim
627 4030 669 4077 est
689 4024 814 4078 trsusitus
838 4023 864 4077 iu
887 4030 1006 4098 qosrtsm
1029 4020 1192 4119 superiorem
1219 4030 1248 4077 ut
1269 4019 1303 4076 sh
1332 4019 1474 4076 slmolli
1465 4041 1492 4076 ru
1520 4019 1633 4077 Dmolle
1660 4032 1687 4078 et
1714 4032 1799 4091 retro,
1825 4024 1873 4100 qui

233 4107 349 4163 omnium
367 4102 561 4201 pulcherrimus
579 4125 640 4161 esse
657 4107 792 4162 veteribus
808 4105 961 4173 ridebatur,
985 4101 1020 4166 sic
1042 4126 1091 4172 συχ
1113 4126 1195 4165 ουτοι,
1218 4115 1248 4161 ut
1264 4102 1431 4162 Ptolemaeus
1458 4107 1494 4160 sit
1517 4104 1579 4160 lihr.
1597 4105 1636 4175 ll,
1655 4127 1712 4185 esp.
1730 4109 1757 4175 9,
1773 4108 1819 4176 τῆς
1836 4113 1873 4168 εἰς

232 4212 292 4250 τους
309 4191 396 4260 έφεξῆς
412 4187 503 4248 τόνους
519 4187 680 4258 μεταβασευς
697 4189 867 4263 πρόςφσρον
860 4189 985 4257 ποιούσης
1005 4210 1053 4258 την
1072 4186 1229 4259 μεταβολῆν,
1252 4208 1285 4248 τις
1308 4189 1353 4256 τῆς
1370 4193 1405 4248 εἰς
1426 4209 1486 4249 τους
1501 4198 1559 4249 ταῖς
1580 4190 1692 4261 πράττεις
1708 4194 1873 4264 διαφέροντας

234 4279 407 4345 συμφωνίαις,
425 4275 441 4328 i.
460 4291 482 4328 e.
500 4278 566 4344 quio
586 4278 750 4331 transitus
738 4296 766 4329 sn
780 4279 949 4346 propinquos
967 4279 1059 4329 modos
1075 4295 1129 4329 nors
1146 4284 1203 4329 tun
1219 4281 1332 4345 passa
1348 4277 1524 4331 astatium
1540 4279 1624 4346 efficit
1641 4298 1723 4349 quun
1737 4281 1871 4334 tmsitsss

235 4363 264 4416 is
282 4379 339 4425 ess,
357 4362 406 4429 qui
420 4363 516 4429 primis
534 4364 717 4416 cossosusts'is
736 4361 765 4426 ti.
783 4380 808 4414 ε.
826 4358 971 4416 intervallis
989 4357 1153 4414 distesssros
1171 4366 1198 4412 et
1215 4355 1354 4434 dispeuts)
1375 4361 1446 4414 inter
1466 4381 1496 4416 ss
1513 4363 1624 4415 distust.
1660 4359 1782 4418 Ellicltur
1803 4360 1869 4416 hsec

234 4444 356 4506 mutstlo,
381 4437 456 4510 ὅταν,
479 4452 509 4499 ut
529 4445 566 4500 sit
587 4442 761 4511 Euclides,
785 4450 810 4497 is
833 4445 947 4512 συναφῆς
967 4447 1003 4502 εἰς
1026 4434 1182 4502 διάζευξινῆ
1200 4435 1326 4494 ἀνάπαλιν
1341 4441 1470 4513 μεταβολῆ
1491 4448 1604 4513 γένηται,
1629 4463 1741 4520 quocum
1764 4453 1870 4523 prseter-

232 4529 430 4600 Anonymum
447 4525 516 4583 huuc
533 4527 709 4586 lllsrtisuus
726 4548 832 4605 qnoque
842 4529 980 4595 cooseotit,
1000 4525 1103 4582 diceus:
1119 4547 1201 4597 ηαυπτ
1220 4530 1253 4580 ds
1269 4529 1418 4584 coniunctis
1428 4532 1465 4584 ud
1473 4531 1574 4585 dicim
1586 4533 1733 4586 transitum
1742 4533 1868 4596 jocinus.

233 4613 311 4690 Quse
327 4629 390 4667 rero
408 4620 467 4666 suto
483 4611 549 4668 hsec
565 4612 646 4670 rerhs
665 4613 796 4689 leguntur:
814 4623 845 4669 ut
862 4634 881 4668 u
895 4615 1044 4684 principali
1059 4612 1259 4684 principalium,
1276 4615 1303 4667 si
1313 4617 1391 4682 Jerts
1408 4617 1435 4667 s's
1453 4616 1676 4685 subprincipalem
1689 4623 1739 4669 urst
1750 4615 1777 4666 iss
1794 4615 1871 4670 stisd

227 4704 308 4769 juste
324 4704 512 4770 systematum,
538 4718 619 4775 quum
642 4718 692 4754 nou
711 4695 882 4772 intelligutur,
908 4716 955 4753 cur
978 4695 1069 4752 hsrum
1088 4693 1243 4752 chordsrum
1262 4697 1359 4752 mentio
1376 4696 1420 4752 hic
1437 4696 1497 4766 list,
1523 4707 1642 4776 corrupto
1661 4692 1869 4761 sideutornsue

234 4783 357 4839 stismin
379 4778 1042 4855 RemigiiAltisiodorsusiscommentario,
1066 4779 1296 4837 r.Gerhertiscr.
1310 4779 1377 4838 eccl.
1393 4779 1415 4849 l,
1432 4783 1595 4860 psg.i8.-
1561 4777 1869 4838 -Bscchiiverhiss

235 4861 299 4919 ὅταν
311 4871 336 4922 έν
346 4886 393 4919 του
384 4860 574 4934 ’ὑποκειμένου
589 4865 794 4937 συοτῆματσςελς
811 4866 894 4936 inpos
911 4884 1028 4936 σεοτημα
1045 4858 1199 4937 οἷναχετρῆση
1216 4887 1233 4934 η
1225 4860 1372 4935 (μιλυῇ,
1390 4867 1475 4939 ἑτέραν
1490 4874 1570 4938 μέσην
1586 4860 1869 4931 τατασευτζουστ,ιοι

1544 4948 1567 5004 E
