4236 5580
884 376 1034 503 Q„

140 581 261 647 ἐκτῶν
282 577 465 646 αὐτῶνκαὶ
490 577 569 646 ίοων
591 584 814 664 ἐσκευασμένα,
837 578 907 647 εἶτα
930 583 1123 666 [προσθοίη]
1142 602 1270 669 πριοοεεη
1288 617 1326 657 τις
1346 582 1393 666 τοῦ
1415 588 1510 668 ἑτέρῳ
1531 582 1682 668 περιττόν
1704 591 1766 652 &u-

132 704 200 769 Ιρον
221 679 341 768 κρόκον
362 675 385 761 ή
407 682 560 767 σμύρνης,
584 680 644 747 ούκ
666 681 708 747 άν
731 683 877 768 [διαγνῶ]
898 704 1014 768 διαγνοίη
1032 682 1053 763 ή
1076 681 1244 764 αίσθησις,
1267 688 1382 768 καίπερ
1405 682 1673 771 ὁμολογουμένως
1694 685 1768 754 εύιι-

140 786 290 869 δεστίρου
312 778 408 862 ὄντος
430 789 562 866 ἐκείνου,
585 776 612 867 ᾦ
634 791 877 870 παραμέμικται
899 779 1051 870 περιττόν
1071 778 1095 865 ή
1116 781 1243 868 σμύρνα
1264 783 1287 867 ή
1307 785 1430 871 κρόκος.
1479 790 1509 853 9.
1531 790 1603 855 Καὶ
1622 786 1691 875 μὴν
1710 796 1768 857 καὶ

92 943 96 953 .
141 892 190 956 ἐπὶ
216 888 276 968 τῆς
301 885 490 967 αλσθήσεως
515 888 574 967 τῆς
595 889 762 971 γευστικης
783 885 904 973 ταύτόν
926 893 1027 952 ἐστιν·
1050 887 1079 953 εί
1098 893 1134 970 γί
1157 892 1210 953 τοί
1229 911 1279 966 τις
1300 892 1378 969 θείη
1401 888 1546 974 οίνόμελι
1568 897 1602 956 έν
1623 889 1767 976 ἀγγείοις

141 992 236 1058 δυσίν
258 988 356 1068 ἰ’σοις,
386 995 419 1054 ἐκ
441 990 502 1056 τοῦ
523 987 627 1056 αύτοῦ
647 993 776 1073 μέλιτος
797 994 852 1055 καὶ
874 987 966 1056 ολνου
988 995 1219 1074 ἐσκευασμένα,
1245 990 1314 1057 εἶτα
1335 998 1454 1078 ἐπιχέοι
1480 1018 1530 1070 τις
1556 991 1688 1060 κύαθον
1715 1001 1767 1063 έπιΙ

140 1091 178 1160 τὸ
200 1099 308 1174 ίτερον
330 1089 436 1167 ολνου,
464 1088 501 1158 τό
524 1095 635 1160 πλεῖον
657 1089 716 1157 ούκ
736 1088 779 1157 άν
800 1086 909 1178 έχοιή
936 1092 1043 1176 γεῦσις
1069 1093 1227 1175 διορίσαι,
1254 1091 1330 1158 οὐδὲ
1358 1089 1396 1159 τό
1425 1092 1503 1161 ίσον.
1559 1099 1607 1162 10.
1637 1093 1707 1164 Ἐπί
1731 1121 1766 1181 γε

140 1194 207 1280 μὴν
225 1195 282 1274 τῆς
305 1192 396 1281 άρῆς
417 1193 477 1260 ούκ
499 1188 542 1259 άν
564 1195 749 1278 διορισθείη
771 1188 809 1261 τό
831 1192 977 1278 ἀκριβὲς,
1003 1193 1078 1261 ούτε
1098 1192 1183 1260 κατά
1205 1190 1265 1274 τὴν
1286 1193 1447 1276 ποιότητα
1468 1196 1530 1262 τοῦ
1552 1198 1683 1280 θερμοῦ
1712 1204 1767 1265 καί

138 1297 277 1383 ψυχροῦ,
298 1295 373 1362 οὔτε
395 1294 480 1363 κατά
502 1294 543 1364 τά
564 1295 658 1364 ἄλλα.
680 1295 725 1363 Ei
744 1303 779 1381 γέ
800 1321 849 1373 τις
872 1298 948 1376 θείη
971 1293 1032 1362 δύο
1052 1293 1150 1383 βάρη,
1172 1295 1210 1363 τὸ
1231 1300 1291 1381 μὲν
1314 1295 1535 1364 ίιιατόνέλκον
1550 1296 1706 1387 δραχμάς,
1727 1295 1765 1367 τό

26 1411 29 1417 ’
139 1403 174 1467 δὲ
201 1394 319 1465 ἑκατόν
345 1401 436 1478 δέκα,
464 1396 526 1464 ούκ
552 1397 594 1463 άν
621 1399 845 1482 διαγνωσθείη
872 1402 911 1492 τῇ
934 1396 1104 1477 αλσθήσει·
1126 1397 1211 1464 ούτω
1235 1400 1346 1464 δὲκαὶ
1367 1406 1417 1466 ἐπὶ
1438 1397 1475 1465 τό
1503 1407 1611 1484 ἕτερον
1637 1396 1766 1486 θερμόν

139 1509 166 1568 εί
187 1500 322 1569 κύαθον
342 1501 475 1589 ψυχροῦ
493 1501 612 1586 μίξαις,
636 1499 695 1569 ούκ
715 1497 758 1567 όν
778 1501 915 1583 εύῦηλον
936 1507 1063 1587 γένοιτο
1085 1498 1106 1581 ἡ
1127 1497 1219 1585 παρὰ
1227 1498 1346 1587 μικρὸν
1365 1502 1521 1590 διαφορά.
1566 1506 1615 1567 ll.
1635 1502 1767 1588 Ὁμοίως

139 1595 200 1671 οῦν
226 1608 279 1671 καί
306 1609 356 1670 έπλ
381 1605 440 1684 τῆς
468 1601 582 1686 ἀκοῆς·
617 1610 644 1669 ελ
670 1601 733 1689 γάρ
761 1629 814 1671 τοι
839 1606 913 1685 δοίη
941 1630 992 1682 τις
1017 1603 1107 1691 ἄκρῳ
1133 1605 1280 1689 μουσικρῖ
1306 1603 1526 1691 ἁρμόσασθαι
1553 1605 1669 1687 λύραν,
1697 1603 1766 1672 εἶτα

138 1704 262 1786 ταύτην
290 1710 430 1791 κομίσειε
457 1701 548 1790 παρὰ
576 1711 699 1790 ἕτερον,
734 1702 756 1786 ἢ
792 1712 972 1775 ίπιτείνειιν
1004 1704 1047 1773 άν
1079 1701 1156 1785 τούς
1189 1706 1367 1794 φθόγγους
1398 1702 1421 1788 ἢ
1454 1705 1580 1787 άνήσει·
1613 1707 1713 1783 οὕτως
1746 1707 1765 1788 ἡ

138 1807 227 1894 παρά
254 1808 372 1894 μικρὸν
400 1802 549 1897 διαφορά
577 1805 804 1887 άκατάληπτος
830 1821 902 1886 ταῖς
929 1805 1112 1888 αλσθήσεσι.
1163 1810 1211 1873 12.
1239 1810 1311 1875 Καὶ
1342 1807 1410 1894 μὴν
1440 1808 1470 1876 εί
1499 1834 1549 1887 τις
1581 1807 1765 1895 άρμόσαιτο

137 1909 254 1994 λύραν,
289 1909 358 1976 εἶτα
384 1917 492 1998 ἔτερος
525 1906 607 1995 πρὸς
633 1907 755 1992 ταύτην
782 1908 960 1997 σύμφωνον
986 1910 1102 1991 άλλην,
1128 1909 1198 1976 εἶτα
1224 1908 1307 1998 πρὸς
1334 1910 1393 1992 τὴν
1419 1912 1574 1996 δευτέραν
1600 1908 1619 1978 ὀ
1645 1916 1765 1994 τρίτος,

135 2012 205 2079 εἶτα
232 2011 313 2098 πρὸς
338 2010 399 2092 τήν
425 2017 536 2097 τρίτην
562 2011 580 2077 ὁ
611 2018 779 2096 τέταρτος,
813 2013 882 2080 εἶτα
908 2008 992 2100 πρός
1017 2007 1079 2092 τήν
1106 2012 1261 2097 τετάρτην
1288 2011 1307 2080 ὁ
1333 2018 1491 2098 πέμπτος,
1518 2019 1574 2081 καί
1600 2009 1765 2096 συμβάλοι

135 2113 196 2194 τήν
216 2139 249 2181 τε
271 2113 401 2202 πρώτην
422 2118 475 2180 καλ
498 2111 559 2195 τήν
586 2118 640 2180 ἐπὶ
666 2115 747 2181 πᾶσι
774 2111 890 2203 λύραν,
916 2115 976 2182 οῦκ
1004 2109 1046 2182 άν
1075 2112 1240 2200 εὑρεθεῖεν
1266 2113 1450 2204 σύμφωνοι·
1479 2114 1582 2192 οὕτως
1609 2111 1645 2180 τό
1673 2113 1765 2200 παρά
1832 2132 1837 2142 ·

135 2215 254 2302 μικρὸν
276 2220 407 2298 λέληθε,
434 2212 634 2297 καὶπολλήν
655 2213 823 2298 ποιεῖτὴν
845 2216 1070 2303 παραλλαγήν.
1116 2219 1165 2288 13.
1195 2219 1264 2285 Καὶ
1289 2216 1357 2302 μήν
1384 2239 1488 2302 ψασιν
1514 2216 1553 2285 ού
1575 2214 1681 2301 μόνον
1707 2215 1766 2292 τάς

136 2318 310 2400 αίσθήσεις
343 2320 389 2405 μή
424 2317 596 2386 δύνασθαι
629 2321 695 2385 τῶν
723 2321 847 2404 μικρῶν
881 2317 1114 2408 [πραγμύτων]
1146 2335 1364 2407 περιτμημάτων
1390 2325 1565 2388 ποιεῖσθαι
1588 2316 1649 2399 τήν
1677 2318 1764 2384 ἀντί-

139 2424 250 2508 ληψιν,
273 2421 357 2488 ἀλλὰ
376 2424 459 2508 μηδὲ
481 2422 546 2486 τῶν
566 2419 732 2506 μειζόνων·
754 2420 873 2489 αὐτίκα
894 2423 976 2508 γοῦν
996 2420 1314 2507 καταλαμβάνεσθαι
1335 2427 1406 2507 μὲν,
1429 2422 1478 2490 ὅτι
1494 2420 1569 2490 τόδε
1583 2422 1680 2488 τοῦδε
1701 2424 1764 2488 λευ·

138 2523 271 2612 κότερον
293 2531 347 2592 καὶ
367 2520 573 2610 μελάντερον,
599 2529 652 2589 καὶ
673 2523 867 2613 γλυκύτερον
888 2528 941 2593 καί
960 2523 1154 2610 πικρότερον
1176 2531 1230 2591 καὶ
1249 2526 1359 2610 μεῖζον
1381 2525 1497 2592 καὶτὰ
1520 2522 1631 2606 λοιπά,
1654 2530 1765 2609 μηκέτι

135 2633 248 2711 μέντοι
260 2634 313 2696 καὶ
323 2623 413 2715 παρά
429 2625 542 2693 πόσον.
573 2628 624 2692 11.
647 2622 709 2694 Aac}
729 2627 830 2694 τοῦτο
852 2629 934 2712 γοῦν
955 2633 1009 2695 καί
1030 2624 1194 2712 εὑρῆσθαι
1214 2633 1316 2712 μέτρα
1338 2631 1393 2693 καί
1417 2625 1597 2713 [στάθμας]
1622 2639 1764 2711 σπασμούς,

137 2736 189 2797 καί
219 2728 298 2808 τούς
325 2729 518 2819 εὑρομένους
544 2726 802 2815 θαυμάζεσθαι,
832 2727 893 2796 εἴτε
914 2734 1007 2805 θεοὶ,
1037 2729 1097 2795 είτε
1118 2729 1295 2815 ἄνθρωποι
1317 2721 1409 2808 ἦσαν.
1458 2731 1509 2794 15.
1535 2731 1604 2794 Καὶ
1624 2723 1764 2810 τὸνμὲν

139 2829 181 2913 δή
213 2830 363 2917 α’ριθμὸν
391 2833 593 2916 παρέχεσθαι
619 2828 680 2911 τήν
710 2829 887 2917 διάγνωσιν
911 2834 971 2911 τῆς
992 2829 1174 2911 ποσότητος
1201 2833 1254 2897 καί
1277 2831 1337 2896 τοῦ
1357 2828 1525 2913 πλήθους,
1556 2828 1626 2897 οἷον
1648 2825 1700 2895 ὅτι
1721 2824 1763 2893 τά

139 2935 295 3000 δεκατῶν
317 2940 409 3001 πέντε
431 2937 525 2998 πλείω
548 2938 625 2999 ἐστί·
646 2929 705 2999 τόν
725 2934 759 2999 δὲ
782 2933 940 3017 σταθμὸν
962 2936 1022 3000 τοῦ
1042 2931 1175 3020 βάρους,
1197 2935 1250 2999 καλ
1271 2937 1360 3009 τίνος
1380 2924 1481 3012 ήττοκ
1501 2936 1556 2998 καὶ
1573 2935 1694 2999 πλείον’
1710 2934 1764 2996 καί

137 3032 175 3102 τό
198 3042 325 3123 μέτρον,
349 3030 400 3122 [ἢ]
422 3056 444 3104 τι
460 3049 519 3105 τότε
542 3030 577 3101 τό
599 3035 689 3121 κῦμα
710 3036 805 3101 τοῦδε
827 3037 939 3102 πλεῖον
961 3041 1012 3104 καί
1034 3034 1147 3117 πόσον,
1168 3038 1222 3101 καί
1243 3041 1270 3102 εί
1292 3032 1367 3101 τόδε
1388 3034 1481 3101 τοῦδε
1501 3035 1613 3120 μεῖζον
1634 3033 1656 3113 ή
1677 3034 1763 3098 έλατ·

202 3175 227 3228 8.
245 3177 300 3226 εἶτα
312 3173 422 3244 προσθοῦ
433 3169 505 3236 M.
518 3169 584 3229 Ριτν.
601 3176 657 3224 εἶτα
666 3177 778 3243 προθείη
788 3192 825 3231 τις
834 3178 935 3243 θατέρῳ
947 3177 1021 3229 Man.
1038 3202 1071 3212 -
1088 3176 1145 3243 περλ
1156 3169 1202 3224 τόν
1213 3191 1264 3244 pro
1274 3168 1390 3242 περιττόν
1407 3169 1446 3228 Ν.
1458 3173 1485 3237 1,
1501 3169 1541 3227 Ν.
1549 3173 1576 3228 2.
1593 3200 1626 3212 -
1645 3167 1762 3240 σμύρνης,

203 3255 222 3327 of
231 3255 310 3311 ἄλλον
318 3259 366 3311 τοῦ
374 3257 467 3328 μύρου,
487 3250 540 3308 οῦκ.
560 3260 635 3314 Μοπ.
655 3287 688 3298 -
706 3261 779 3314 Idem
793 3251 936 3328 περιττόνή
946 3250 1062 3327 κρόκοςή
1072 3256 1177 3328 σμύρνα.
1196 3284 1229 3295 -
1246 3259 1272 3312 9.
1289 3263 1336 3325 μλν
1353 3254 1389 3312 P.
1404 3277 1433 3328 p.
1453 3254 1490 3310 Ν.
1503 3258 1525 3310 l.
1544 3254 1616 3313 NR.
1634 3286 1667 3297 -
1685 3247 1762 3306 τοῦτο’

204 3346 279 3400 Man.
300 3373 332 3381 -
351 3348 412 3410 είγί
420 3362 457 3400 τις
471 3360 501 3412 p.
519 3362 544 3393 π.
563 3346 587 3392 εἴ
605 3348 635 3408 γε
649 3347 676 3394 τί
692 3363 729 3401 τις
748 3339 781 3398 Ρ.
799 3339 873 3397 Ν.2.
891 3342 1014 3409 -1χοιῆ
1029 3343 1112 3408 γεῦσις
1130 3341 1168 3396 Ν.
1181 3345 1203 3398 Ι.
1222 3347 1288 3410 ίχειη
1305 3343 1389 3409 γεῦσις
1406 3339 1443 3395 Ν.
1455 3343 1482 3395 2.
1502 3371 1532 3380 -
1552 3343 1668 3412 διορίσαι
1678 3343 1711 3395 Ρ.
1729 3367 1763 3379 -

206 3433 290 3484 Verba
301 3434 355 3493 ἔχοι
366 3423 381 3495 ή
391 3427 474 3493 γεῦσις
484 3427 608 3496 διορίσαι,
625 3419 683 3478 οῦδὲ
691 3424 721 3478 τό
734 3433 799 3484 ἴσον,
816 3419 876 3479 Ἐπί
885 3447 911 3494 γε
922 3423 975 3496 μὴν
985 3427 1030 3494 τῆς
1041 3431 1079 3483 bin
1089 3431 1199 3499 εστόρλετ,
1211 3432 1375 3500 signataque
1381 3431 1490 3497 Ρειειοίίκ
1501 3435 1565 3483 eunt
1577 3430 1604 3481 ε’τε
1615 3428 1672 3481 cod.
1686 3421 1717 3478 P.
1730 3450 1762 3462 -

203 3515 244 3569 10.
267 3515 417 3584 διορησθείη
433 3530 460 3580 ρ,
483 3536 516 3550 -
542 3503 652 3580 άιιριβες,
670 3506 728 3563 οῦδὲ
745 3511 808 3563 κατά
828 3509 861 3564 Ρ.
885 3541 916 3550 -
940 3513 1042 3582 ψυχροῦ
1058 3517 1100 3565 καί
1119 3514 1219 3584 θερμοῦ
1237 3511 1311 3568 N.l.
1334 3540 1368 3552 ·-
1390 3510 1455 3564 κιττοὶ
1473 3510 1537 3564 άλλα
1557 3509 1588 3564 Ρ.
1606 3509 1669 3562 κατά
1685 3500 1763 3560 πάλλει

204 3601 278 3654 Mau.
298 3624 327 3636 -
345 3594 411 3668 βάρη
428 3594 474 3647 δύο
493 3591 531 3652 Ν.
544 3595 558 3646 1
571 3605 596 3650 εί
608 3616 633 3647 π.
652 3623 683 3635 -
703 3595 790 3647 ίκατὸν
801 3592 1044 3661 π’χόνίλκονΜοπ.
1062 3627 1095 3636 -
1114 3592 1225 3654 Idem&
1236 3591 1260 3650 δ’
1271 3592 1367 3654 ίκοττῦν.
1386 3625 1420 3637 -
1437 3589 1674 3667 θερμόνήκύαθον
1693 3591 1728 3647 Ν.
1740 3595 1762 3647 1.

203 3681 241 3736 N.
251 3684 311 3751 21²·
331 3711 362 3720 -
381 3677 567 3747 εύύηλοςΜοπ.
586 3708 618 3716 -
636 3675 705 3750 παρά
716 3677 793 3750 μικρά
811 3678 847 3732 Ν.
860 3682 881 3733 1.
901 3677 938 3736 N.
952 3681 976 3733 2.
992 3699 1019 3749 p.
1030 3702 1057 3732 π.
1075 3711 1108 3720 -
1127 3684 1166 3737 11.
1184 3679 1232 3754 γάρ
1245 3685 1303 3750 δοίη
1313 3700 1342 3753 ρ.
1354 3702 1380 3735 π.
1397 3683 1447 3752 γάρ
1458 3703 1495 3740 τις
1507 3683 1564 3747 δοίη
1579 3677 1611 3732 Ρ.
1631 3708 1664 3718 -
1682 3675 1762 3747 κομη-

203 3788 252 3822 σειε
272 3772 327 3838 Mp.
345 3794 379 3806 -
397 3759 456 3837 παρ)
475 3767 557 3836 ἕτερον
580 3761 643 3819 Ροτ.
663 3793 696 3803 -
714 3760 789 3823 οὗτος
806 3760 821 3832 ἡ
840 3761 910 3836 παρά
926 3768 959 3821 Ν.
970 3767 993 3818 1.
1014 3763 1051 3819 Ν.
1061 3768 1087 3824 2.
1105 3794 1137 3808 -
1158 3770 1196 3821 12
1217 3761 1345 3838 άρμόοετο
1363 3770 1421 3838 Mp.
1438 3793 1471 3805 -
1489 3769 1544 3817 εἶτα
1562 3760 1624 3836 πρός
1639 3760 1687 3832 τήν
1704 3782 1729 3814 τε
1747 3757 1762 3814 ό

202 3860 313 3923 πέμπτος
339 3849 371 3905 Ρ.
393 3855 446 3903 εἶτα
470 3845 533 3920 πρός
556 3846 602 3915 την
623 3848 744 3921 τετάρτην
766 3845 813 3916 την
835 3856 951 3918 πέμπτην
970 3869 997 3920 p.
1021 3854 1076 3902 εἶτα
1100 3848 1162 3922 πρὸς
1185 3847 1232 3918 τήν
1248 3849 1368 3922 τετάρτην
1385 3848 1460 3910 άλλος
1476 3852 1550 3905 Man·
1568 3880 1601 3889 -
1620 3845 1761 3918 συμβάλλοι

205 3936 269 3994 Par.
289 3942 363 3994 Μαιε.
381 3967 414 3977 -
433 3930 497 3987 οῦτω
514 3931 544 3986 τό
564 3937 638 3990 MW.
655 3933 723 3987 MD.
741 3964 774 3976 -
793 3936 833 3988 13.
850 3933 983 3986 δύνασθαι
999 3933 1046 4002 την
1062 3936 1112 3987 τῦν
1127 3937 1222 4008 μετροῦν
1235 3934 1452 4007 παραλλωγμάτων
1467 3939 1602 3986 ποιεῖσθαι
1617 3927 1761 4000 ἀντίληψιν,

204 4020 380 4075 α’λλιὶκωλτεῦν
398 4026 472 4078 Man.
490 4049 523 4060 -
541 4020 590 4070 τῶν
608 4016 762 4089 πραγμάτων
780 4023 876 4076 omino
888 4017 981 4090 μικρῶν
999 4017 1035 4073 N.
1048 4022 1072 4078 l,
1090 4048 1123 4059 -
1143 4014 1286 4090 ἀντίληψιν,
1303 4023 1367 4090 μηδλ
1378 4020 1426 4070 τοῦτ’
1439 4016 1504 4074 Par.
1523 4048 1555 4057 -
1574 4022 1761 4086 καταλαβεόθττι

201 4111 276 4164 Man.
295 4136 328 4146 -
347 4104 386 4158 ότι
410 4108 483 4159 τοῦδε
511 4102 576 4159 Par.
600 4114 626 4160 εί
648 4105 724 4159 M.
748 4134 778 4142 -
804 4104 958 4176 λευκότερον,
983 4097 1001 4172 ἢ
1024 4101 1096 4157 Nl.
1123 4102 1161 4156 Ν.
1172 4107 1197 4158 2.
1215 4125 1242 4177 μ.
1261 4111 1334 4162 Μοπ.
1353 4134 1386 4145 -
1404 4096 1555 4175 μελάντερον
1573 4126 1589 4173 η
1607 4102 1765 4174 γλυκύτερον,

200 4188 219 4262 ή
235 4192 390 4265 πικρότερον,
407 4213 422 4258 η
440 4190 538 4260 μεῖζον,
556 4211 572 4255 η
593 4189 703 4252 1λαττον,
721 4193 763 4241 καί
781 4187 813 4240 τά
830 4187 907 4242 λοιπά
924 4187 1050 4256 δύνανται,
1066 4191 1237 4258 μηκίτιΜεετε.
1256 4219 1289 4230 -
1305 4196 1352 4259 μίν
1368 4211 1392 4240 τι
1408 4209 1459 4259 pro
1475 4195 1562 4257 μέντοι
1580 4192 1637 4262 Mp.
1655 4219 1686 4227 -
1706 4191 1762 4258 περί

201 4278 284 4331 πόσοι
302 4276 339 4333 Ν.
352 4280 375 4333 1.
393 4305 426 4317 -
446 4277 483 4330 14.
515 4269 648 4343 εύηείοθαι
667 4277 738 4329 Man.
758 4304 789 4312 -
808 4279 850 4326 καί
867 4278 907 4329 λίε
924 4278 1055 4345 scriptun
1072 4285 1112 4331 τοί
1132 4279 1157 4329 in
1175 4279 1232 4330 οοιί.
1252 4272 1289 4331 Ν.
1301 4279 1325 4328 2.
1346 4304 1377 4314 -
1395 4275 1457 4342 γοῦν
1474 4271 1601 4346 εὑρῆσθαι
1618 4279 1660 4326 καί
1682 4284 1761 4343 μετροι

204 4361 275 4418 Ν.1.
294 4394 326 4403 -
344 4357 478 4432 σταθμούς
497 4363 570 4416 Man.
588 4387 621 4397 -
639 4354 789 4429 εὑρομένους
808 4363 880 4415 Man.
899 4390 931 4400 -
949 4364 998 4411 ελτε
1017 4365 1093 4425 θεολ,
1111 4365 1160 4411 εἴτε
1180 4355 1316 4432 ἅνθρωποι
1333 4352 1399 4428 ἦσαν
1417 4381 1466 4416 σπι.
1487 4366 1561 4418 Man·
1580 4391 1613 4401 -
1633 4361 1673 4416 15.
1705 4360 1761 4407 οίον

200 4444 233 4499 τά
253 4450 316 4514 dim,
333 4451 429 4504 οπείςεο
447 4441 495 4512 ὅτι,
513 4441 551 4496 Ν.
561 4446 587 4497 2.
607 4441 672 4498 Par.
690 4446 767 4498 Μετπ.
786 4473 818 4482 -
839 4447 925 4500 Verba
942 4449 985 4496 καί
1002 4442 1032 4497 τό
1049 4452 1141 4517 με’τρον
1158 4440 1176 4513 ἢ
1192 4441 1222 4496 τῦ
1244 4446 1309 4515 κῦμα
1335 4447 1408 4498 τοῦδε
1431 4448 1518 4499 πλεῖον
1540 4449 1582 4498 καί
1605 4442 1687 4496 πόσον
1709 4461 1759 4497 οη.

201 4535 278 4588 Man.
296 4562 329 4572 -
352 4539 384 4590 ίπ
407 4534 530 4601 margine
553 4531 609 4584 τοά.
628 4525 696 4584 Ν.2
714 4532 778 4587 λοστ
799 4532 944 4603 leguntur:
966 4529 1075 4601 κυμάτια
1097 4535 1125 4583 οἱ
1146 4526 1270 4603 ύπερογοί
1288 4528 1357 4600 παρά
1379 4537 1474 4585 τέκτοσι
1491 4534 1533 4582 καί
1551 4532 1709 4585 λιθοποιοῖς.
1727 4555 1758 4566 -

201 4622 244 4669 καί
262 4622 331 4687 εἴπερ
347 4617 406 4671 τόδε
423 4618 496 4670 τοῦδε
513 4613 601 4685 μεῖζον
620 4617 691 4669 Μαπ.

203 4820 245 4875 14.
280 4818 423 4890 Σιάθμην,
443 4816 674 4898 perpendicnlum.
697 4817 742 4875 hic
763 4818 850 4877 locum
873 4837 923 4876 τοο
947 4821 1045 4878 habere
1066 4819 1115 4877 τειλ
1133 4817 1266 4888 σταθμόν,
1289 4816 1395 4887 libram.
1418 4838 1434 4874 ο
1452 4817 1612 4875 sectionibus
1631 4818 1664 4872 16
1681 4825 1708 4871 ει
1725 4815 1758 4870 16

137 4906 201 4960 uti·
219 4903 385 4980 ίοεείίίρίεοες
403 4908 488 4978 itaque
506 4903 665 4961 ΜεεοοΙίε
681 4906 812 4985 scripturn
830 4906 951 4978 σταθμόν
967 4906 1127 4965 restituenda
1146 4904 1257 4963 videtur.

206 4991 245 5048 1⁵.
281 4990 336 5048 err.
356 4992 486 5048 annotatio
503 4988 537 5046 εε1
553 4992 695 5048 sectionem
713 4992 740 5050 6.
