4236 5580
983 325 1134 451 31-

239 531 290 595 58.
313 524 546 613 Διαστημοὶτιον
567 533 626 594 elui
648 530 807 633 διαφοραὶ
828 534 931 595 πέντε·
952 527 1060 612 πρώτη
1082 533 1149 613 μὲν,
1170 527 1250 594 καθ’
1275 528 1315 609 ἢν
1335 531 1469 613 μεγέθει
1492 528 1647 614 διαφέρει·
1669 531 1800 617 δευτέρα
1822 534 1866 610 δὲ,

239 630 318 698 καθ’
342 633 384 712 ἢν
405 630 447 698 τὰ
467 633 527 716 μὲν
548 631 721 718 σύμφωνα,
742 628 785 696 τὰ
806 632 840 698 δὲ
862 629 1023 716 διάφωνα·
1045 636 1138 716 τρίτη
1161 633 1206 713 δὲ,
1228 630 1308 696 καθ’
1331 629 1373 711 ἢν
1393 629 1436 698 τὰ
1452 636 1589 716 μέτεστι
1599 629 1756 713 σύνθετα,
1777 629 1864 701 τὰδὲ

239 948 318 1023 Quod
340 970 419 1027 quum
445 953 717 1033 superparticularium
741 956 868 1012 rationum
885 954 1010 1012 studiosis
1032 954 1195 1033 displiceret,
1216 953 1280 1010 alias
1299 951 1327 1008 bi
1343 951 1485 1011 divisiones
1501 956 1669 1032 quaerebant,
1688 955 1833 1013 cuiusmodi
1851 977 1866 1012 e

238 1037 425 1112 posterioribus
442 1038 526 1096 solum
549 1040 711 1118 temporibus
733 1050 833 1096 eerrata
857 1040 933 1097 nobis
950 1051 1010 1097 suut
1027 1039 1260 1097 Eratosthenis
1277 1048 1304 1094 et
1322 1037 1456 1111 Didymi
1474 1058 1576 1114 genera.
1611 1040 1666 1097 Sed
1686 1040 1866 1109 haecomnia,

239 1129 268 1175 ut
284 1139 317 1175 ex
333 1120 387 1177 illis
405 1125 469 1201 ipsis
485 1123 644 1198 intelligitur,
662 1145 754 1200 genera
773 1136 853 1193 eraut,
871 1146 921 1181 nou
939 1125 1054 1190 colores,
1072 1144 1156 1203 neque
1173 1123 1224 1179 alia
1243 1122 1277 1178 de
1295 1142 1372 1178 causa
1391 1127 1549 1199 excogitata,
1567 1145 1643 1202 quam
1663 1137 1691 1182 ut
1710 1128 1802 1183 usitata
1822 1125 1867 1181 illa

238 1206 287 1260 tria
308 1226 402 1280 genera
426 1210 706 1287 superparticularibus
723 1210 866 1267 rationibus
887 1212 1110 1289 exprimerentur,
1132 1228 1198 1287 quas
1220 1208 1345 1264 adhibitio
1367 1208 1523 1265 chordarum
1544 1209 1705 1266 sectionibus
1723 1213 1868 1288 comparsri

237 1291 306 1348 iuter
321 1312 350 1348 se
369 1304 395 1348 et
413 1294 534 1352 sensibus
552 1298 696 1352 examinari
713 1298 845 1374 potuisse,
866 1314 943 1352 nemo
966 1297 1029 1363 crit,
1051 1296 1096 1370 qui
1118 1292 1221 1363 credat,
1243 1314 1322 1371 quum
1340 1314 1373 1350 ue
1390 1293 1532 1351 hodiernae
1550 1294 1656 1372 quidem
1674 1298 1868 1352 accuratissime

237 1373 377 1433 fabricatae
396 1377 523 1443 chordae,
540 1399 626 1455 neque
644 1401 674 1436 ea
693 1383 875 1446 iustrumenta,
893 1380 988 1457 quibus
1005 1378 1039 1435 ad
1057 1378 1187 1436 metienda
1207 1380 1379 1435 minutissima
1398 1379 1549 1437 discrimina
1568 1379 1646 1436 hodie
1664 1385 1772 1444 utimur,
1793 1379 1867 1437 autfi-

238 1462 314 1519 τίνοι
350 1463 390 1518 Au
409 1475 494 1540 putas,
512 1464 661 1543 complures
679 1465 791 1523 chordas
808 1467 930 1524 omuibus
947 1466 1065 1542 partibus
1082 1464 1190 1521 sibimet
1207 1466 1271 1543 ipsis
1289 1475 1315 1520 et
1333 1466 1400 1521 iuter
1416 1485 1445 1521 se
1463 1465 1580 1544 pondere
1597 1476 1744 1523 constantes
1759 1454 1868 1543 reperiri

237 1555 333 1602 ettam
353 1564 474 1607 accurate
490 1553 634 1630 suppositis
651 1553 716 1626 iugis
734 1551 816 1609 dividi
835 1573 849 1606 a
867 1551 1000 1606 ueteribus
1018 1551 1147 1627 potuisse,
1172 1559 1214 1617 ut,
1238 1569 1299 1606 num
1323 1570 1389 1625 quae
1412 1553 1557 1608 tunsionum
1575 1550 1725 1607 discrimina
1744 1552 1811 1608 iuter
1828 1571 1868 1607 ra-

235 1632 320 1687 tiones
336 1634 370 1688 28
387 1657 394 1689 τ
411 1638 445 1690 ut
463 1645 490 1692 et
506 1638 538 1691 ³1
558 1657 564 1691 τ
582 1637 616 1691 30
635 1649 661 1693 et
677 1639 711 1692 32
729 1650 737 1694 t
754 1639 787 1692 31
807 1645 903 1703 essent,
920 1634 1041 1689 sensibus
1060 1633 1249 1711 perciperetur?
1284 1634 1507 1692 Aristoxenus
1526 1656 1596 1704 vero,
1615 1636 1655 1692 rel
1675 1636 1720 1712 qui
1735 1647 1793 1692 aute
1808 1655 1867 1691 eum

235 1718 336 1793 primus
358 1740 408 1776 nou
430 1721 586 1778 chordarum
610 1720 816 1797 longitudinibus
837 1721 884 1778 sed
903 1717 1098 1775 intervallorum
1113 1721 1206 1796 spatiis
1223 1717 1362 1775 metiendis
1380 1719 1544 1796 aequabilem
1569 1731 1771 1797 temperaturam
1793 1718 1867 1775 adhi-

235 1801 304 1868 buit,
324 1823 404 1879 quum
422 1816 474 1861 tam
492 1808 576 1864 varias
594 1804 829 1880 pythagoraeorum
848 1800 1008 1861 tetrachordi
1026 1800 1168 1859 divisiones
1189 1805 1350 1880 recepisset,
1371 1823 1417 1871 eo,
1438 1805 1508 1881 quod
1531 1826 1577 1862 sua
1596 1826 1641 1862 eas
1658 1808 1756 1860 ratione
1775 1807 1863 1882 expri-

235 1887 324 1944 mebat
340 1900 366 1944 et
384 1891 416 1945 ad
435 1911 512 1968 quam
529 1890 737 1969 simplicissimas
754 1891 815 1946 ideo
833 1892 886 1945 toni
904 1898 991 1966 partes
1009 1886 1168 1952 reducebat,
1192 1887 1307 1946 celorum
1332 1900 1421 1945 auctor
1438 1889 1521 1948 iactus
1544 1899 1597 1958 est,
1619 1907 1684 1966 quos
1708 1909 1758 1946 uon
1777 1890 1866 1964 tnagis,

234 1991 313 2049 quam
335 1974 484 2032 discrimina
508 1978 575 2033 inter
594 1975 784 2050 Pythagoraeas
802 1975 920 2034 diversas
937 1992 1060 2048 generum
1083 1971 1321 2030 constituendorum
1340 1975 1467 2038 rationes,
1485 1976 1512 2030 iu
1530 1993 1579 2033 usu
1596 1994 1710 2050 unquam
1728 1973 1822 2038 inisse,
1839 1982 1866 2028 et

235 2077 269 2114 ex
284 2059 341 2133 ipsa
359 2062 397 2116 rei
415 2062 529 2117 musicae
547 2070 652 2124 natura,
675 2070 702 2116 et
719 2079 733 2114 e
752 2058 936 2115 Ptolemaei
954 2057 1084 2114 nonnullis
1102 2057 1166 2113 lucia
1186 2057 1309 2134 colligere
1327 2058 1402 2124 licet,
1426 2061 1486 2136 qui,
1508 2079 1588 2135 quum
1606 2060 1640 2115 ad
1658 2058 1863 2134 Pythagoracam

235 2145 360 2199 rationem
383 2164 519 2212 reversus,
541 2145 753 2201 Aristoxcuiauos
776 2142 890 2208 colores,
912 2153 939 2198 et
960 2145 1032 2222 ipsos
1055 2142 1272 2218 chthagoraeis
1296 2144 1437 2200 rationibus
1460 2155 1547 2213 natos,
1571 2146 1597 2200 iu
1620 2142 1868 2222 superparticulares

236 2226 393 2284 chordarum
419 2227 561 2285 divisiones
586 2227 713 2286 reducere
735 2228 864 2292 studeret,
886 2229 951 2283 mira
974 2238 1001 2283 et
1022 2248 1101 2304 saepe
1126 2231 1294 2306 repugnantia
1316 2230 1384 2284 inter
1405 2245 1435 2283 se
1456 2228 1579 2305 prodidit
1614 2229 1718 2286 Etenim
1736 2248 1815 2305 quam
1833 2226 1867 2283 de

235 2312 436 2368 Aristoxeniauo
459 2312 533 2369 molli
555 2324 582 2369 et
604 2314 776 2391 sesquialtero
795 2313 927 2369 chromate
946 2311 1057 2368 dixisset
1074 2312 1134 2368 libr.
1156 2317 1177 2368 l.
1196 2334 1252 2390 cap.
1271 2316 1311 2381 lt,
1330 2323 1513 2392 parypatarum
1531 2313 1695 2384 discrimina,
1714 2313 1867 2393 quippeei-

234 2398 332 2470 gesima
351 2408 440 2473 quarta
459 2408 557 2455 tautum
576 2401 629 2454 toni
646 2411 720 2478 parte
739 2402 763 2467 (ξ
781 2427 814 2438 -
832 2402 844 2468 l
861 2419 895 2446 =
913 2400 949 2467 ᾖ)
970 2396 1144 2467 diversarum,
1167 2398 1272 2454 auribus
1290 2400 1391 2475 percipi
1409 2419 1459 2455 uon
1476 2420 1563 2476 posse,
1580 2402 1630 2453 τῶν
1647 2421 1672 2453 τε
1689 2401 1737 2452 τοῦ
1752 2398 1867 2469 μαλακοῦ

235 2489 278 2536 καί
297 2483 345 2534 τοῦ
366 2479 487 2552 ἡμιολίου
509 2487 621 2550 διέσεων,
644 2482 851 2556 εἰνοστοτετόρτῳ
874 2490 944 2554 με’ρει
967 2480 1045 2536 τόνου
1068 2484 1253 2555 διαφερουσῶν,
1275 2481 1308 2543 ὠς
1329 2487 1457 2554 μηδεμίαν
1480 2480 1614 2552 ἀξιόλογον
1635 2494 1691 2545 ταῖς
1713 2481 1866 2552 αἰσθήσεσιν

234 2574 350 2636 ἐμποιεῖν
367 2567 540 2638 παραλλαγήν,
558 2570 584 2624 iu
602 2571 700 2624 minora
720 2571 798 2625 etiam
815 2567 866 2623 boo
884 2567 1034 2623 discrimina
1053 2567 1153 2637 incidit,
1170 2566 1198 2624 id
1217 2567 1285 2644 quod
1307 2589 1321 2624 e
1340 2569 1439 2636 tabula,
1458 2572 1558 2647 pugilli
1578 2570 1709 2649 descripta
1728 2567 1866 2642 intelliges,

234 2652 257 2707 si
275 2653 471 2709 constitutorum
489 2652 522 2707 ab
540 2652 587 2709 illo
602 2653 743 2710 chromatis
762 2655 857 2711 intensi
874 2664 901 2708 et
918 2652 1016 2709 diatoni
1034 2652 1122 2709 mollis
1141 2664 1167 2710 et
1184 2652 1282 2708 distoni
1301 2652 1424 2710 diatonici
1442 2666 1579 2732 parypatas
1593 2657 1658 2711 inter
1670 2675 1707 2721 se,
1726 2671 1866 2728 eorumque

235 2735 385 2792 discrimina
410 2757 469 2793 cum
492 2737 644 2794 discrimine
664 2740 921 2795 Aristoxeuiauorum
946 2737 1049 2794 illorum
1072 2737 1188 2794 colorum
1211 2740 1413 2815 comparaveris.
1454 2738 1526 2793 lderu
1552 2738 1684 2795 diatonum
1708 2738 1866 2794 diatonicum
1938 2764 1939 2769 ¹

235 2833 262 2877 et
284 2821 416 2877 diatonum
439 2825 568 2878 intensum
593 2824 629 2891 (i.
648 2844 670 2879 e.
689 2825 833 2878 2562213
856 2834 878 2878 >t
900 2824 976 2877 928
999 2835 1022 2876 Χ
1044 2824 1129 2887 928,
1157 2831 1183 2876 et
1206 2823 1237 2876 16
1255 2843 1261 2875 :
1280 2825 1313 2877 15
1335 2833 1358 2877 Χ
1380 2825 1398 2876 9
1418 2823 1460 2876 :8
1482 2833 1505 2878 Χ
1530 2827 1562 2877 10
1584 2836 1607 2880 >t
1629 2824 1675 2893 9),
1699 2843 1765 2900 quae
1785 2823 1866 2896 magis

234 2926 312 2982 quam
330 2906 390 2961 illus
406 2919 545 2984 parypatas
564 2909 631 2963 iuter
649 2928 679 2963 se
698 2907 804 2962 differre
824 2904 910 2962 tabula
928 2916 1015 2961 nostra
1034 2904 1167 2983 probatur,
1186 2925 1199 2958 a
1221 2905 1352 2962 nonnullis
1372 2905 1582 2964 citharoedarum
1599 2912 1635 2964 ita
1653 2909 1774 2965 adbiberi
1792 2908 1865 2968 dicit,

234 3000 274 3058 ut,
299 2990 361 3047 dum
380 3011 459 3047 unam
478 3002 585 3062 canant,
609 2991 719 3050 alterum
737 2990 863 3070 psallant,
887 2989 988 3046 addens
1012 2989 1069 3046 libr.
1088 2991 1113 3046 l.
1136 3010 1193 3067 esp.
1213 2992 1258 3043 15:
1280 3001 1407 3062 προχωρεῖ
1431 2994 1456 3043 δὲ
1480 2986 1567 3052 αὐτοῖς
1584 2989 1614 3045 ad
1632 2995 1758 3061 τοιοῦτον,
1776 2991 1819 3046 διὰ
1836 2989 1865 3043 τὸ

234 3079 319 3146 predari
337 3072 461 3145 ἀξιολόγῳ
479 3080 606 3148 διαφερειν
622 3077 686 3148 μήτε
704 3075 749 3130 τόν
767 3083 793 3131 ir
809 3084 864 3135 τοῖς
880 3072 1032 3145 ἡγουμίνοις
1048 3073 1138 3134 τόποις
1159 3080 1189 3140 (i.
1208 3095 1229 3132 e.
1248 3075 1424 3145 acutissimis)
1446 3075 1523 3140 λόγον
1539 3076 1585 3129 τόν
1602 3076 1728 3145 ἐπόγδοον
1745 3079 1792 3131 τοῦ
1808 3083 1864 3130 επι-

234 3160 335 3225 ενότου,
357 3160 422 3232 μήτε
445 3161 490 3214 τόν
506 3170 532 3215 ευ
549 3172 603 3222 τοῖς
621 3166 765 3232 ἑπομένοις,
783 3157 826 3213 τόν
843 3161 1161 3214 ίπιπεντεναιδίνατοντοῦ
1179 3164 1326 3231 λείμματος,
1348 3172 1375 3216 et
1392 3164 1495 3217 statim:
1519 3160 1607 3234 διόπερ
1627 3169 1653 3217 tu
1676 3157 1795 3234 οὐδετέρῳ
1817 3161 1866 3215 salv

234 3252 374 3314 ίνκειμείὀιν
395 3248 472 3312 γενοῖν
496 3252 644 3299 συνίσταται
664 3267 702 3304 τις
726 3237 857 3312 ιῖξιόλογος
878 3244 1006 3315 tepuerunt}
1024 3254 1220 3315 καταχρωμένου
1239 3242 1329 3299 surisnis.
1366 3246 1441 3303 ldem
1459 3257 1518 3302 ocio
1535 3247 1568 3303 alr
1586 3250 1645 3325 ipso
1662 3250 1865 3323 excogllelot’ttm

235 3328 351 3385 colorum
369 3333 469 3408 priores
487 3332 552 3388 duos
570 3334 627 3410 ipse
643 3328 751 3386 inutiles
767 3341 844 3385 vocat
860 3331 919 3386 libr.
942 3334 963 3397 l,
983 3351 1038 3407 cap.
1059 3333 1104 3385 16:
1122 3336 1164 3383 καὶ
1181 3337 1267 3400 με’νισι
1288 3334 1337 3382 τῶν
1354 3339 1552 3402 συντεθειμένων
1569 3335 1646 3401 γενιὶν
1662 3331 1695 3385 τὰ
1710 3340 1757 3403 μὶν
1776 3335 1864 3384 διατο-

235 3412 291 3469 sui
312 3415 384 3468 πάντ’
403 3414 434 3466 όν
451 3415 567 3486 εὕροιμεν
585 3415 686 3483 συνήθη
704 3424 761 3474 ταῖς
779 3409 874 3475 alsonia·
893 3410 972 3468 orisr'rs
995 3413 1019 3468 δ’
1038 3413 1133 3486 ὁμοίοις
1152 3413 1208 3467 οὔτε
1228 3416 1259 3468 τό
1276 3415 1426 3487 ίυαρμόιισν
1444 3416 1503 3471 usias
1519 3419 1568 3468 sair
1584 3420 1748 3489 ypopusasoir
1764 3417 1794 3468 τό
1810 3437 1864 3485 μα-

234 3501 319 3567 λακόν,
338 3499 378 3551 ότι
396 3496 426 3552 ori
447 3500 513 3554 πάνυ
531 3507 650 3572 χαίρουσι
667 3509 721 3558 τοῖς
739 3499 838 3571 σφόδρα
857 3504 1023 3570 ίνλελυμείσις
1040 3503 1089 3552 τοῖν
1106 3497 1190 3567 vidais.
1219 3500 1310 3577 Neque
1325 3504 1406 3575 magis
1424 3502 1550 3580 probatur
1568 3507 1591 3560 el
1610 3514 1778 3581 postremum,
1795 3499 1864 3578 quoti
1939 3490 1960 3511 ἰ

234 3598 275 3643 est
286 3586 418 3641 diatonum
437 3585 582 3663 aequabile,
602 3584 671 3662 quod
691 3584 784 3640 eodem
804 3588 888 3663 capite
906 3583 1061 3656 Ξεταότερόν
1079 3591 1189 3644 τινικαὶ
1208 3582 1385 3655 ἀγροικότερον
1401 3580 1470 3655 ἦθος
1486 3597 1570 3643 vocat.
1597 3587 1689 3665 ltaque
1702 3607 1782 3664 quum
1797 3585 1864 3641 Pto·

234 3673 381 3730 lemaeus
399 3672 455 3747 ipse
474 3673 547 3726 testis
564 3673 607 3734 sit,
626 3691 657 3726 ex
676 3672 729 3725 suis
747 3680 806 3725 octo
825 3670 965 3732 coloribus,
985 3680 1037 3724 tres
1055 3670 1217 3725 abiiciendos
1234 3691 1304 3732 esso,
1323 3670 1388 3726 duos
1406 3671 1554 3732 (diatonum
1575 3671 1716 3729 (lilonicum
1735 3683 1761 3728 et
1781 3673 1863 3726 inteu-

235 3761 308 3822 snm)
324 3758 444 3812 sensibus
465 3756 586 3830 distingui
604 3776 656 3811 uon
674 3776 764 3831 posse,
783 3753 848 3810 alios
866 3754 932 3809 duos
950 3755 1072 3823 (chroma
1089 3756 1219 3812 intensum
1238 3766 1266 3811 et
1282 3754 1404 3810 diatonon
1422 3755 1517 3824 mette)
1536 3759 1669 3835 parypatis
1687 3756 1738 3822 art,
1755 3775 1863 3832 quarum

236 3844 376 3900 discrimen
392 3841 514 3896 sensibus
531 3861 582 3895 non
600 3843 773 3919 percipiatur,
798 3852 851 3897 tres
873 3839 1050 3895 tautummodo
1073 3851 1184 3904 restant,
1208 3843 1223 3895 i.
1242 3860 1265 3894 e.
1290 3841 1408 3905 totidem,
1432 3852 1496 3918 quot
1513 3843 1654 3916 antiquitus
1672 3850 1745 3897 eraut
1761 3859 1866 3914 genera,

235 3947 343 4005 quorum
361 3946 426 3981 unus
444 3947 503 3982 euru
522 3925 651 3980 diatonico
669 3946 763 3999 genere
781 3928 909 3999 congruit,
929 3927 1008 3979 ceteri
1028 3924 1079 3980 duo
1098 3925 1179 3981 multo
1198 3929 1278 4000 magis
1296 3925 1402 3982 auribus
1421 3926 1572 4004 displicent,
1591 3946 1667 4002 quam
1686 3926 1862 3981 enarmonium

235 4027 261 4070 et
277 4013 464 4070 chromaticum
483 4031 572 4085 genus.
608 4009 648 4066 lie
667 4013 743 4085 igitur
760 4013 786 4066 iu
805 4011 858 4065 illis
876 4009 1093 4088 philosophorum
1111 4010 1223 4067 dumetis
1242 4032 1362 4068 camenas
1381 4011 1518 4067 credamus
1533 4009 1664 4066 habitasse
1676 4009 1845 4068 Graecorum.

301 4099 342 4153 58,
379 4097 419 4152 [le
438 4098 479 4152 bis
496 4097 610 4172 quinque
629 4094 780 4163 rationibus,
798 4098 894 4173 quibus
912 4095 1046 4152 intervalla
1066 4100 1133 4152 inter
1150 4118 1179 4152 se
1198 4096 1329 4162 differunt,
1347 4097 1407 4153 ride
1426 4098 1655 4151 Aristoxenum
1674 4116 1732 4175 pag.
1747 4097 1787 4162 16,
1803 4095 1862 4152 Eu·

235 4183 351 4248 elidem
370 4201 428 4259 pag.
446 4185 476 4250 8,
504 4179 684 4236 Aristidem
704 4200 760 4255 pag.
781 4183 919 4237 13-1a.
956 4181 1131 4258 lisguitudine
1150 4183 1218 4237 enirn
1238 4180 1374 4250 dill'eruut,
1398 4202 1477 4258 quum
1496 4180 1545 4235 alia
1564 4183 1673 4247 maiora,
1697 4181 1746 4237 alia
1765 4183 1862 4237 minora

233 4272 295 4336 siut,
315 4270 420 4338 μείζονα
438 4277 464 4323 et
486 4267 614 4327 tisis-cora,
632 4269 700 4331 sive,
723 4276 751 4320 ut
770 4266 834 4323 dicit
852 4268 1028 4332 Aristides,
1049 4264 1127 4340 ἀραιά
1145 4276 1171 4321 et
1194 4266 1281 4320 πικνιί,
1299 4297 1332 4306 -
1352 4266 1393 4321 1)ε
1412 4268 1531 4321 consonis
1548 4279 1574 4321 et
1592 4265 1704 4322 dissonis
1721 4264 1862 4322 intervallis

233 4353 295 4409 vide
312 4374 377 4430 quae
396 4353 428 4407 ad
446 4363 510 4407 sect
528 4355 563 4406 59
580 4360 699 4406 annotata
717 4363 783 4406 sunt.
802 4384 835 4393 -
852 4352 1004 4430 Composita
1022 4351 1158 4407 intervalla
1176 4362 1251 4417 suut,
1268 4371 1334 4428 quae
1353 4373 1367 4405 e
1390 4351 1491 4407 duobus
1514 4364 1558 4406 aut
1578 4350 1697 4426 pluribus
1720 4349 1862 4407 intervallis

234 4450 364 4503 coustant,
388 4449 416 4493 ut
438 4438 610 4498 diatessarum
634 4446 721 4490 contra
745 4437 859 4513 simplex
880 4441 935 4493 sive
961 4458 1010 4492 nou
1029 4440 1202 4514 compositum
1222 4438 1336 4503 (πρῶτον
1354 4437 1560 4506 Gapdeutius
1577 4436 1641 4493 dicit
1658 4456 1717 4516 pag.
1735 4441 1764 4497 i)
1781 4440 1860 4491 iuter·

234 4523 331 4579 vallum
356 4533 410 4586 est,
433 4523 501 4598 equod
525 4526 550 4577 iu
574 4525 671 4577 minora
696 4522 778 4577 dividi
802 4525 903 4599 nequit,
927 4533 956 4579 nt
978 4523 1065 4578 diesis.
1101 4522 1177 4578 Unde
1201 4525 1415 4577 Aristoxenus
1440 4541 1496 4599 pag.
1520 4522 1537 4574 5
1560 4532 1630 4576 recte
1652 4523 1686 4576 de
1711 4522 1860 4598 compositis

234 4610 311 4667 dicit:
333 4614 371 4666 uis
395 4605 449 4675 ἅμα
470 4611 512 4658 καί
536 4605 694 4674 συστήμασιν
716 4611 783 4658 εἶναί
798 4628 850 4664 πως
874 4613 1015 4675 συμβαίνει,
1038 4619 1066 4663 ut
1088 4618 1196 4686 apparet
1218 4628 1233 4661 e
1254 4609 1403 4679 systematis
1426 4606 1591 4674 defiuitione,
1615 4606 1714 4685 prolata
1737 4617 1799 4662 sect
1816 4608 1858 4660 51.

233 4694 358 4753 &teram
379 4713 444 4769 quac
463 4693 488 4746 in
507 4693 565 4747 aliis
583 4693 721 4765 generibus
739 4711 788 4746 uon
807 4695 950 4770 composita
972 4703 1043 4761 suut,
1067 4694 1093 4748 in
1115 4693 1174 4747 aliis
1197 4701 1257 4748 sunt
1277 4695 1437 4770 composita3
1461 4694 1495 4746 ita
1517 4691 1622 4748 ditonus
1645 4692 1672 4747 lu
1693 4689 1798 4746 diatono
1819 4701 1860 4746 est

235 4781 411 4858 compositus,
433 4782 459 4833 iu
482 4779 632 4832 enarmonio
649 4796 699 4832 uon
718 4786 767 4831 est.
802 4776 857 4834 Cir.
876 4778 1034 4834 Gaudent.
1051 4797 1108 4857 pag.
1127 4781 1155 4845 5,
1179 4780 1395 4832 Aristoxenus
1418 4795 1475 4856 pag.
1493 4778 1535 4835 bt).
1554 4805 1587 4818 -
1605 4775 1756 4832 Secundum
1776 4794 1859 4849 genus

234 4865 369 4921 interualla
392 4867 460 4919 iuter
482 4882 511 4918 se
534 4862 670 4926 differunt,
693 4863 813 4937 quoniam
834 4862 883 4919 alia
909 4866 933 4920 iu
956 4865 1106 4920 enarmonio
1128 4872 1227 4919 tantum
1249 4883 1344 4938 genere
1362 4864 1538 4940 reperiuntur,
1560 4861 1631 4918 relat
1649 4860 1742 4927 diesis,
1763 4860 1858 4918 alisia

233 4949 401 5017 chromatico,
418 4947 491 5006 relat
506 4949 692 5006 triemitonium
710 4967 761 5003 aun
779 4950 959 5028 compositum.
978 4980 1011 4992 -
1028 4947 1175 5006 Rationalis
1193 4948 1329 5006 intervalla
1348 4957 1415 5016 aaut,
1434 4958 1463 5006 ut
1480 4947 1545 5005 dicit
1561 4944 1728 5004 Aristides
1744 4965 1801 5026 pap
1816 4949 1858 5013 13,
