4236 5580
747 958 759 1026 t

239 1070 285 1127 ubi
302 1074 347 1149 qui
364 1074 459 1151 cuique
476 1094 541 1129 sono
559 1074 702 1151 subscripti
719 1083 779 1129 sunt
797 1073 898 1128 numeri
915 1073 1040 1128 rationem
1058 1074 1114 1129 eius
1131 1070 1163 1127 sd
1182 1073 1294 1150 primum
1313 1095 1335 1137 e,
1351 1075 1396 1151 qui
1414 1077 1583 1154 superscripti
1600 1087 1672 1143 sunt,
1691 1078 1816 1133 retiouem
1835 1075 1869 1153 ed

239 1156 439 1233 praecedentem
467 1162 612 1235 graviorem
638 1159 760 1215 indicent
812 1157 899 1232 Quem
927 1160 1065 1222 rationem,
1090 1178 1170 1235 quum
1194 1157 1272 1214 bodie
1294 1158 1450 1236 pierumque
1473 1182 1486 1215 u
1509 1162 1615 1218 musicis
1635 1161 1703 1219 hono
1726 1160 1870 1219 doctrinm

238 1243 409 1299 tractantibus
428 1255 594 1320 agnoscatur,
618 1245 773 1301 hodiernum
795 1248 926 1298 cottonem
943 1262 1074 1300 vocemus.
1110 1243 1207 1298 Contra
1224 1257 1342 1310 veteres,
1363 1247 1407 1321 qui
1429 1246 1526 1301 ratione
1546 1248 1639 1302 tertiae
1654 1245 1682 1315 (Ι
1701 1267 1708 1301 2
1724 1249 1747 1316 ξ)
1766 1250 1869 1316 omisso,

238 1324 307 1381 solas
329 1328 435 1404 quintae
457 1331 484 1394 (l
507 1333 556 1399 εἰ)
579 1339 605 1384 et
622 1340 729 1407 quurtue
751 1331 778 1394 (1
797 1330 846 1399 ευ
868 1327 1042 1397 adhibebunt,
1066 1329 1160 1399 cuique
1183 1327 1269 1383 scalae
1292 1340 1352 1384 tono
1375 1331 1499 1386 rationem
1517 1350 1638 1387 sonorum
1659 1337 1789 1403 srg=
1805 1337 1817 1403 1
1834 1338 1870 1403 ι]

238 1429 272 1458 =
292 1414 303 1466 t
324 1429 331 1465 t
351 1415 362 1483 3
380 1413 538 1481 tribuebant,
555 1411 624 1471 unde
642 1413 708 1468 brec
724 1418 823 1471 oeterts
842 1416 957 1468 rationis
973 1410 1044 1468 ceeia
1064 1411 1188 1466 efficitur:

1264 1865 1287 1932 ii

237 1994 268 2029 eo
286 1978 448 2053 potissimo·
468 1980 501 2035 ab
519 1980 644 2036 hodierna
663 1980 799 2045 differens,
821 1978 891 2055 quod
910 1980 1048 2035 semitonio
1066 1982 1182 2049 (λεῖμμα
1199 1988 1301 2035 veteres
1318 1981 1430 2043 vocant)
1450 1981 1549 2036 minore
1567 1981 1661 2049 utitur,
1683 2002 1761 2058 quam
1779 2002 1869 2040 rerum

237 2063 291 2117 toni
308 2061 446 2121 dimidium
464 2075 517 2130 ests
536 2085 596 2121 uam
613 2066 683 2135 (W
706 2075 743 2133 >
760 2068 786 2135 ξι
805 2083 884 2140 quum
903 2063 1044 2121 hodiernae
1061 2067 1167 2121 rationis
1184 2065 1349 2121 semitonium
1368 2063 1479 2120 dimidio
1495 2067 1631 2141 utriusque
1643 2067 1696 2122 toni
1714 2070 1753 2133 (et
1764 2069 1870 2124 rationis

238 2149 351 2216 lztet
368 2152 475 2206 rationis
495 2153 508 2204 l
527 2171 534 2205 ι
553 2152 590 2219 is)
609 2153 692 2206 meins
709 2152 758 2215 site
782 2170 841 2204 nem
861 2151 925 2218 (Ιὶ)π
942 2159 979 2218 <
1002 2153 1025 2219 Β,
1048 2161 1075 2205 et
1096 2149 1155 2204 ideo
1180 2151 1257 2205 etiam
1276 2159 1313 2217 <
1336 2152 1367 2218 ἦ.
1403 2149 1493 2223 ltaque
1518 2149 1563 2206 ubi
1584 2151 1651 2207 aiiae
1673 2162 1779 2229 preeter
1802 2151 1869 2209 hunc

235 2234 396 2309 primitivam
414 2233 506 2290 Cduri
524 2233 621 2290 scalam
640 2233 835 2289 constituendae
852 2245 924 2300 eunt,
949 2234 1020 2291 reiut
1038 2233 1180 2301 Gdurum,
1201 2253 1331 2290 summum
1349 2235 1405 2290 eius
1422 2235 1602 2305 intervalium,
1625 2235 1696 2313 qnod
1718 2248 1758 2294 est
1779 2237 1868 2296 limma

236 2323 272 2386 fis
291 2336 297 2370 ι
315 2337 352 2389 g,
370 2318 495 2376 hodierna
513 2322 612 2376 ratione
631 2320 725 2386 maius,
743 2329 831 2374 vetere
853 2321 937 2376 minus
954 2329 995 2375 eet
1011 2322 1148 2377 semitonio
1163 2327 1182 2390 s
1197 2341 1203 2374 :
1214 2325 1268 2391 fis,
1287 2317 1355 2375 bunc
1373 2321 1399 2376 in
1417 2320 1536 2378 modum:

231 2417 372 2505 'Hodierno
391 2423 470 2478 ratior
756 2422 922 2477 semitonium
947 2422 1031 2478 minus
1098 2423 1265 2478 semitonium
1284 2422 1368 2475 maius

237 2721 320 2781 Vetus
337 2725 414 2780 ratio:
749 2726 915 2781 semitonium
934 2729 1017 2781 rusius
1085 2728 1252 2781 semitonium
1272 2728 1364 2781 minue.

237 2841 316 2917 Quod
334 2860 414 2919 quum
433 2841 459 2895 in
476 2841 598 2896 omuibus
615 2840 711 2897 ceteris
729 2838 889 2898 iimmetibus
905 2853 1030 2910 recurrat,
1047 2841 1119 2898 reiut
1136 2844 1162 2898 in
1180 2842 1298 2898 limmate
1311 2847 1332 2910 s
1346 2863 1353 2896 r
1369 2860 1420 2913 go
1437 2841 1508 2896 modi
1527 2846 1581 2899 Dee
1599 2840 1670 2910 duri,
1688 2851 1717 2898 ut
1733 2841 1799 2899 bueo
1815 2842 1868 2899 siut

236 2930 372 3005 utriusque
389 2926 498 2982 rationis
515 2926 665 2981 semitonio:

235 3022 361 3086 hodierna
379 3030 490 3085 ratione:
759 3028 924 3083 semitonium
942 3029 1027 3082 maios
1094 3028 1259 3083 semitonium
1278 3029 1364 3082 minus

238 3341 326 3386 vetere
343 3332 453 3387 ratione:
756 3333 921 3389 semitonium
940 3337 1025 3389 minus
1092 3334 1258 3388 semitonium
1275 3332 1368 3398 maius,

235 3460 355 3528 apparet,
373 3449 497 3504 hodierna
515 3448 614 3503 ratione
631 3451 790 3523 graviorem,
808 3459 896 3505 vetere
914 3452 1055 3506 acutiorem
1073 3469 1165 3504 sonum
1178 3455 1217 3519 fis
1234 3469 1298 3504 sono
1315 3468 1365 3520 ges
1383 3468 1452 3516 esse,
1476 3457 1503 3502 et
1524 3446 1615 3503 itidem
1638 3469 1729 3507 sonum
1748 3456 1786 3507 eis
1803 3469 1867 3506 sono

235 3540 294 3604 des,
318 3554 408 3590 sonum
426 3539 443 3589 b
460 3553 523 3588 sono
542 3554 591 3598 cee,
610 3542 637 3587 et
654 3544 762 3590 ceteros.
797 3536 873 3608 Quee
892 3546 978 3591 tamen
997 3536 1145 3591 discrimina
1166 3544 1217 3589 tarn
1236 3537 1327 3607 exigua
1346 3544 1419 3600 snut,
1442 3542 1471 3589 nt
1487 3533 1566 3589 etiam
1584 3533 1767 3593 hodiernorum
1789 3537 1866 3591 musi·

236 3640 325 3676 corum
345 3618 418 3674 muiti
437 3617 563 3683 dubitent,
581 3629 665 3673 utrem
684 3620 809 3675 rationem
827 3629 975 3695 sequuntur.
1011 3619 1111 3696 ltaque,
1130 3639 1208 3695 quum
1227 3620 1253 3674 in
1271 3616 1417 3674 exercende
1436 3620 1534 3675 musica
1553 3623 1687 3675 transitum
1706 3623 1731 3676 in
1750 3607 1867 3676 diversos

236 3705 328 3762 modos
345 3702 522 3761 faciendorum
541 3723 617 3759 esusa
635 3705 810 3771 commodum,
828 3706 907 3760 immo
926 3706 1011 3781 potius
1028 3722 1135 3758 necesse
1153 3705 1195 3771 sit,
1212 3723 1263 3758 nou
1282 3703 1377 3781 piures,
1396 3723 1475 3780 quam
1494 3703 1633 3761 duodecim
1655 3708 1786 3761 tensiones
1795 3717 1866 3762 octe·

236 3810 285 3845 vae
303 3791 409 3847 ambitui
427 3790 550 3856 tribuere,
568 3791 671 3844 iuventa
689 3802 729 3846 est
746 3809 775 3843 ea
795 3788 989 3845 iuterraiiornm
1008 3787 1196 3844 metiendorunr
1216 3791 1290 3857 retice,
1307 3810 1366 3866 que,
1382 3787 1513 3866 aequabili
1524 3800 1707 3867 temperatum,
1726 3790 1865 3845 vernacule

236 3880 491 3949 gieiebscbrnebende
511 3878 690 3946 Temperatur
707 3886 810 3943 vocate,
829 3876 854 3930 in
872 3872 1011 3930 duodecim
1029 3873 1146 3950 nequalia
1165 3875 1233 3930 inter
1249 3894 1279 3929 sc
1296 3873 1432 3930 intervalia
1451 3884 1558 3930 octavae
1576 3875 1689 3930 ambitus
1707 3877 1736 3942 (ἰ.
1756 3895 1780 3929 e.
1800 3877 1865 3931 retio

235 3999 253 4048 2
271 4016 278 4046 e
299 3997 328 4062 l)
346 3992 483 4060 dividitur,
501 4003 529 4049 ut
545 3996 580 4049 sit
597 4013 612 4050 c
629 4015 662 4041 =
680 3996 709 4060 l,
731 3999 769 4050 cis
787 3993 830 4050 rel
848 3999 895 4050 dee
911 4015 945 4041 π
963 3964 1007 4064 idi,
1029 3990 1046 4048 d
1064 4014 1098 4040 ιι
1116 3961 1146 4064 'tp
1165 4004 1191 4048 et
1209 4005 1259 4050 cet.
1293 3991 1348 4048 iem
1368 4013 1431 4048 rero
1449 3993 1516 4049 duae
1534 3991 1747 4071 pbilosophorum
1765 3993 1790 4047 in
1809 4012 1866 4050 mu·

235 4083 316 4136 sicam
335 4080 517 4157 inquirentium
536 4079 604 4157 apud
623 4090 726 4133 veteres
744 4079 881 4134 exstsbant
896 4078 1002 4143 ciassee,
1020 4077 1100 4133 aiter·
1112 4076 1419 4154 pythagoraeorum,
1438 4078 1518 4133 attere
1533 4081 1865 4145 Aristoxenienoruur,

236 4186 268 4220 cn
285 4168 353 4221 inter
369 4186 397 4221 ee
416 4164 585 4225 dissidentes.
603 4164 672 4240 qnod
692 4162 727 4219 bi
743 4163 800 4219 solo
817 4166 917 4220 aurium
937 4163 1033 4220 iudicio
1050 4175 1157 4219 octaree
1175 4164 1339 4220 intervalium
1358 4167 1384 4218 in
1402 4162 1541 4219 duodecim
1560 4162 1683 4239 aequales
1698 4174 1788 4242 portes
1799 4162 1865 4220 diri·

236 4251 342 4317 dentes,
366 4251 522 4308 chordarum
545 4251 657 4306 retiones
681 4268 731 4304 non
755 4249 895 4319 curabant3
928 4251 1014 4323 itaque
1037 4247 1086 4304 bos
1111 4247 1256 4324 sequabiiis
1277 4258 1467 4326 temperaturae
1490 4247 1621 4305 studiosos
1644 4248 1723 4305 fuisse
1746 4261 1863 4328 epparet.

234 4335 304 4402 etr..
328 4347 355 4394 ut
378 4357 456 4392 uuum
475 4336 650 4391 testimonium
674 4333 780 4389 efferum
799 4336 1016 4390 Aristoxenus
1039 4353 1097 4411 pag.
1116 4336 1150 4388 56
1168 4363 1200 4376 -
1218 4336 1264 4399 bi,
1288 4335 1333 4390 ubi
1351 4333 1517 4390 interreilum
1540 4333 1702 4391 dietesserou
1724 4354 1739 4389 e
1761 4335 1864 4392 dnobus

232 4423 303 4477 'tonis
321 4433 348 4479 et
365 4422 473 4478 dimidio
489 4422 543 4477 toni
562 4430 680 4475 constare
698 4417 766 4473 bunc
784 4420 809 4473 in
828 4416 933 4475 modum
951 4419 1087 4498 probetur:
1104 4422 1145 4476 Sit
1164 4441 1226 4475 e-
1242 4440 1259 4473 u
1273 4423 1442 4475 diatesseron
1453 4423 1642 4486 internodium
1659 4425 1863 4476 r‘omsuncntur

234 4511 322 4563 ditoni
338 4529 355 4563 u
373 4513 444 4576 -s,
463 4517 572 4562 ets-
589 4510 646 4576 gie,
667 4509 761 4560 deinde
781 4509 950 4561 diatesseron
972 4508 1116 4561 intercutis
1133 4512 1154 4575 s
1170 4533 1201 4545 -
1220 4509 1236 4559 b
1253 4516 1280 4560 et
1297 4510 1342 4575 gie
1362 4532 1391 4546 -·
1411 4510 1469 4570 die,¹
1492 4509 1533 4561 bis
1555 4509 1596 4562 s'to
1618 4510 1745 4576 sumptis,
1768 4509 1862 4561 ιιιιᾰιοι

235 4613 328 4649 sonum
349 4597 391 4647 die
414 4613 472 4647 eum
497 4613 561 4647 reno
583 4596 599 4646 b
623 4594 824 4646 consonentr'um
845 4597 970 4663 diapente
993 4597 1107 4662 efficere.
1141 4590 1239 4646 Contra
1260 4589 1486 4666 Pythagoreei,
1510 4611 1590 4667 quum
1608 4591 1763 4648 chordarum
1778 4587 1862 4665 iongi-

235 4678 369 4735 tudinibue
388 4675 538 4743 intervalia,
557 4697 653 4754 eaque,
670 4697 747 4754 quam
766 4687 880 4733 veterem
899 4697 976 4755 supra
995 4679 1100 4742 vocari,
1123 4677 1222 4731 ratione
1241 4678 1427 4733 constituentes
1444 4677 1538 4753 cuique
1556 4688 1617 4732 tono
1634 4678 1759 4733 rationem
1778 4676 1795 4728 9
1812 4674 1862 4741 28,

235 4773 263 4819 et
279 4763 389 4819 iimmati
407 4763 532 4819 rationem
550 4766 601 4819 256
618 4785 624 4818 ε
641 4765 693 4818 otu
710 4763 861 4827 tribuerent,
880 4761 1039 4819 diatesseron
1058 4759 1221 4818 iutervuiium
1240 4759 1342 4817 duobus
1360 4761 1427 4816 tonis
1445 4781 1504 4818 cum
1523 4761 1633 4818 dimidio
1651 4762 1776 4816 minorem
1793 4778 1861 4825 esse,

235 4868 320 4925 neque
338 4849 364 4904 in
383 4845 506 4924 requeies
522 4859 611 4925 partes
628 4847 712 4906 diridi
729 4866 805 4927 posse
823 4845 905 4904 uiiun
922 4846 1085 4905 interraiium
1104 4845 1303 4914 contendebant,
1320 4848 1370 4903 nisi
1388 4845 1458 4923 quod
1475 4846 1579 4904 duobus
1595 4845 1729 4923 quadratis
1745 4845 1861 4903 numeris

235 4934 431 5011 exprimeretur.
1034 4926 1037 4939 ¹

1523 5014 1563 5072 dt
