4236 5580
1018 337 1086 429 oo

236 550 434 633 συμφωνίας.
470 535 576 624 Οὗτος
595 549 655 631 μὲν
673 544 737 632 γὰρ
758 545 819 626 τῆς
840 544 1026 626 σεληνιακῆς
1047 549 1178 629 γέγονεν
1189 546 1350 626 αἱρέσεως,
1372 538 1390 608 ὁ
1405 543 1440 608 δὲ
1453 542 1514 608 τοῦ
1527 539 1608 618 Διὸς
1620 541 1870 607 ναιαλᾶιινιιαι

236 650 296 731 τῆς
316 647 453 731 ἡλιακῆς
471 647 558 715 κατὰ
578 649 693 715 ταῦτα·
714 649 779 716 incl
799 651 857 714 noel
875 648 943 714 τῶν
963 646 1189 736 φθοροπσιῶν
1210 642 1361 730 ἑκάτερος
1380 641 1542 732 φθόγγος
1557 642 1775 732 transponit
1790 639 1872 728 ἄγα-

233 753 393 819 &aaaron
416 745 480 830 criu
504 748 561 817 διὰ
588 748 752 838 τεσσάρων
779 760 866 819 ποιεῖ
891 750 1102 838 συμφωνίαν,
1129 747 1148 816 ὁ
1173 750 1233 835 μιν
1258 748 1319 830 τῆς
1341 744 1443 830 νήτης
1469 749 1533 815 τῶν
1559 745 1789 835 ὑπερβολαίων
1810 745 1873 812 τοῦ

235 1089 304 1145 sins
321 1089 348 1145 in
366 1093 582 1147 commentetions
604 1088 640 1145 de
657 1089 764 1147 musicis
782 1089 892 1147 Graecis
913 1108 969 1167 pag.
987 1091 1035 1155 10,
1057 1090 1102 1168 qui
1124 1088 1216 1146 sedeur
1239 1087 1290 1146 hac
1310 1091 1541 1156 commentatione,
1561 1108 1620 1167 pag.
1638 1091 1721 1144 12-
1738 1088 1778 1142 23
1796 1085 1875 1142 liur-

236 1171 331 1230 lusrni
352 1174 471 1232 monachi
490 1173 598 1233 celebri
620 1173 741 1232 libellum
765 1172 799 1229 tle
820 1172 863 1230 his
883 1174 967 1230 tribus
991 1173 1091 1233 ultimis
1108 1172 1289 1232 Ptolemaei
1306 1173 1517 1233 harmonicorum
1535 1175 1677 1253 capitibus,
1699 1181 1841 1251 repertum
1860 1190 1876 1227 ι

236 1277 266 1315 se
284 1260 310 1314 in
328 1256 420 1315 codice
436 1258 626 1339 Naupolituao,
648 1258 748 1339 publici
765 1260 828 1316 inris
845 1258 913 1316 lecit

304 1342 360 1401 lum
377 1363 440 1401 vero
459 1365 526 1422 quse
542 1343 593 1401 boc
611 1344 670 1401 loco
688 1343 722 1401 tle
740 1342 892 1400 coelestium
911 1361 1048 1423 corporum
1066 1343 1201 1402 harmonia
1219 1343 1353 1409 (licuntur,
1369 1354 1398 1402 ut
1413 1364 1472 1402 cum
1492 1353 1638 1401 ceterorum
1656 1343 1820 1421 scriptoram
1840 1339 1877 1397 ele

236 1426 288 1484 bsc
304 1449 332 1484 re
349 1431 486 1494 sententiis
504 1431 649 1508 comparari
666 1430 774 1509 possint,
791 1426 907 1484 breviter
923 1427 967 1485 bic
985 1447 1123 1507 exponam,
1140 1447 1207 1507 quae
1218 1427 1437 1488 Nicomochus
1454 1430 1543 1508 μμ
1558 1438 1585 1484 st
1598 1430 1622 1498 7,
1636 1427 1758 1485 Cicero
1774 1425 1878 1483 librnss

235 1511 269 1567 ele
287 1533 316 1571 se
334 1510 449 1591 publiea,
467 1514 626 1572 Boethius
643 1513 704 1572 libr.
721 1512 743 1583 l,
761 1534 818 1590 cup.
834 1515 876 1583 27,
893 1511 1021 1570 Munuel
1038 1514 1222 1588 Bryennins
1240 1512 1300 1572 libr.
1321 1517 1345 1585 l,
1363 1533 1420 1590 cup.
1439 1516 1454 1568 1
1473 1513 1507 1568 de
1524 1511 1575 1569 hec
1592 1530 1621 1568 re
1638 1511 1753 1569 undant.
1786 1514 1877 1589 Atque

234 1599 349 1674 primurn
367 1598 474 1676 quidem
484 1597 702 1657 Nicomachus
717 1609 819 1678 septem
838 1598 933 1656 veteris
950 1598 1022 1673 lyrse
1040 1601 1120 1669 sonis,
1137 1601 1183 1676 qui
1200 1599 1252 1657 duo
1270 1600 1406 1656 coniuncte
1424 1599 1492 1655 inter
1508 1616 1538 1654 sa
1556 1595 1720 1655 tetrachorda
1742 1595 1877 1664 efficiant,

234 1684 270 1738 ite
291 1695 395 1762 septem
415 1682 550 1741 stellarum
572 1685 732 1742 harmonicen
751 1685 853 1752 tribuit,
883 1693 911 1741 ut
933 1683 1061 1742 Sstnmns
1081 1685 1248 1760 grauissimo,
1275 1682 1336 1740 lans
1359 1685 1509 1740 acutissimo
1530 1703 1595 1740 sono
1621 1681 1802 1762 respondent,
1831 1683 1878 1738 cai

235 1767 394 1825 Boethius
412 1770 548 1836 consentit,
567 1773 618 1826 uisi
635 1769 705 1848 quoti
723 1768 886 1848 piuaetsrum
904 1768 1016 1827 Veneris
1033 1780 1059 1826 et
1076 1768 1198 1826 liercnrii
1215 1768 1289 1826 locos
1306 1771 1374 1826 inter
1389 1789 1419 1825 sa
1438 1778 1588 1826 commutat.
1622 1767 1718 1825 Canus
1739 1765 1878 1824 blanuel

235 1873 342 1929 prorsus
363 1856 496 1910 inversum
520 1851 639 1911 ordinem
661 1866 779 1912 statuens
800 1857 981 1930 grevissirnuru
1002 1874 1094 1912 sonum
1118 1853 1209 1919 lause,
1232 1855 1410 1911 acutissimum
1429 1851 1543 1909 Saturno
1565 1851 1704 1922 adscribit,
1725 1851 1876 1909 lliercnrn

235 1935 381 1995 Tullium
400 1941 426 1994 io
444 1938 486 1995 bis
503 1951 623 2008 secutas,
641 1943 685 2018 qui
704 1941 849 1996 insomnio
867 1940 1013 2018 Scipionis,
1037 1940 1128 1996 addito
1145 1950 1247 2019 septem
1270 1939 1324 1995 illis
1345 1938 1430 1996 stellis
1452 1938 1526 1995 coelo
1547 1936 1684 2005 stellifero,
1708 1950 1736 1994 et
1759 1950 1875 2005 natare,

233 2021 326 2099 inquit,
334 2024 412 2093 fert,
430 2034 462 2080 at
480 2035 598 2082 extrema
615 2047 647 2083 ea
663 2030 753 2083 altera
767 2037 850 2097 parte
866 2029 1001 2097 graviter,
1020 2046 1051 2082 ec
1069 2028 1158 2081 alteru
1174 2034 1265 2080 notem
1281 2034 1361 2079 acute
1377 2034 1482 2080 sonent.
1513 2027 1598 2093 Quam
1618 2028 1649 2079 ab
1667 2045 1781 2080 caueam
1794 2043 1873 2079 surs-

233 2129 291 2165 mus
309 2113 354 2165 illc
371 2113 438 2166 coeli
454 2112 575 2182 stellifer
592 2133 696 2178 corsae,
714 2115 790 2167 caiae
809 2113 948 2166 conversio
965 2120 1005 2166 ert
1023 2114 1191 2174 concitatior,
1208 2119 1288 2165 arato
1303 2120 1329 2164 et
1344 2114 1460 2165 excitato
1471 2118 1592 2165 movetur
1603 2128 1685 2175 eono‚·
1703 2111 1872 2182 ςιιιοίιιῖιιιο

233 2204 327 2250 uatem
344 2197 386 2250 hic
403 2199 508 2252 lunaris
525 2207 608 2269 atque
624 2201 748 2268 infimus,-
770 2216 833 2251 nam
850 2205 925 2251 terra
942 2215 1013 2250 nona
1030 2199 1169 2251 immobilie
1186 2215 1295 2251 manens
1311 2198 1365 2249 ima
1387 2201 1450 2251 sede
1471 2215 1576 2267 semper
1598 2199 1706 2259 haeret,
1732 2199 1872 2266 complexa

233 2282 347 2335 medium
363 2286 456 2337 mnndi
471 2286 566 2339 locum.
598 2287 644 2339 illi
660 2293 750 2338 nutem
768 2291 828 2336 octo
846 2301 951 2339 carens,
970 2283 997 2335 ιἰι
1015 2283 1111 2351 quihus
1130 2285 1220 2336 eodem
1237 2284 1277 2337 vie
1296 2290 1337 2337 est
1354 2284 1481 2348 duorum,
1499 2289 1600 2351 septem
1622 2285 1750 2352 efficiunt
1774 2285 1873 2336 dietin-

234 2373 293 2420 etoe
310 2368 461 2422 intervallis
479 2387 566 2423 sanos.
600 2367 654 2440 Qui
676 2365 728 2422 dno
750 2375 810 2422 sunt
828 2363 917 2422 Venus
935 2376 961 2421 et
977 2363 1136 2432 Mercurium
1158 2376 1317 2438 propterea,
1340 2369 1418 2437 quin.
1441 2375 1471 2421 nt
1490 2368 1527 2420 nit
1547 2363 1735 2424 ihucrobiue
1758 2365 1822 2421 libr.
1846 2366 1873 2432 2,

235 2450 331 2528 cept,
349 2452 522 2507 Mercurialis
540 2461 567 2508 et
581 2453 716 2506 Venereae
734 2454 805 2506 orbis
821 2455 885 2522 pari
902 2453 1004 2506 ambita
1021 2454 1145 2506 comitati
1160 2455 1250 2517 solem,
1268 2455 1328 2507 aiae
1346 2454 1403 2507 eine
1421 2461 1551 2521 tunquam
1568 2455 1702 2510 satellites
1720 2455 1873 2522 obsequan-

212 2544 296 2598 tur,
320 2545 347 2590 et
369 2539 427 2593 ideo
449 2557 467 2591 a
489 2539 626 2592 nonnullis
649 2539 829 2591 astronomiae
852 2539 1022 2593 stridentibus
1046 2539 1154 2591 eandem
1175 2540 1228 2591 oim
1250 2540 1346 2592 sortiri
1367 2540 1562 2592 existimantur.
1598 2537 1689 2614 ltaque
1714 2554 1766 2592 non
1794 2545 1873 2592 recte

241 2618 386 2698 explicatus
409 2619 526 2679 Cicero
549 2643 564 2677 u
587 2618 726 2677 Boethio
749 2629 802 2688 est,
820 2621 864 2698 qai
881 2618 899 2676 l.
917 2620 937 2677 l.
952 2629 1011 2675 octo
1028 2617 1147 2675 ‹liversos
1164 2621 1234 2676 iuter
1249 2640 1279 2677 ee
1295 2640 1373 2678 sonos
1390 2620 1452 2678 inde
1469 2643 1483 2676 s
1501 2620 1762 2701 proslambanomene
1780 2639 1870 2696 usqae

236 2701 270 2759 etl
290 2724 381 2762 mesen
399 2706 509 2764 tributos
527 2707 561 2762 eb
579 2705 625 2763 illo
644 2704 803 2762 coelestibus
821 2705 974 2784 corporibus
986 2723 1044 2762 esse
1055 2703 1196 2762 contendit.
1223 2704 1279 2762 ilas
1292 2709 1516 2765 vuriesvuriorum
1527 2703 1874 2786 scriptoramrutioneshsc

235 2788 325 2846 tubalu
343 2793 475 2869 expositas
492 2790 579 2859 vides,
603 2791 648 2848 ubi
669 2790 841 2858 Ciceroni,
865 2811 945 2868 quum
963 2803 1094 2849 certorum
1111 2789 1306 2848 intervallorum
1325 2793 1482 2849 mentionem
1500 2814 1584 2872 neque
1608 2795 1680 2871 ipss,
1700 2810 1799 2868 neque,
1823 2793 1873 2866 qui

235 2894 294 2930 enrn
320 2886 520 2944 commentatur,
544 2875 727 2934 lliscrobius
752 2875 842 2946 locist,
864 2875 974 2933 eundern
996 2874 1069 2934 illam
1087 2885 1203 2932 veterem
1221 2886 1325 2955 septem
1343 2876 1498 2935 chordarum
1516 2875 1631 2946 sculum,
1654 2897 1721 2956 queo
1740 2898 1754 2932 ιι
1773 2879 1873 2932 ceteris

234 2957 374 3031 indicetur,
392 2960 556 3019 tribuendam
574 2981 632 3019 esse
649 2963 748 3040 putrui.

763 3178 892 3258 Hypaton.

698 3255 933 3285 ΜΛ

593 3204 611 3251 Ξ

583 3326 611 3391 ..g

593 3397 611 3446 Ε
698 3415 721 3465 2
821 3421 837 3445 eu
1039 3415 1056 3444 v

703 3471 721 3498 θ
929 3453 946 3480 es

235 3982 330 4040 Cicero
347 4002 438 4039 secuu-

236 4067 297 4125 eiutn
317 4067 468 4124 Boethium:
564 4067 624 4124 luna
642 4066 753 4124 lilercur.
772 4067 863 4124 Venus
897 4064 938 4124 sol
991 4062 1060 4121 ilurs
1092 4062 1191 4142 iupiter
1208 4062 1312 4120 Suturn.
1332 4064 1433 4122 coelam

359 4186 465 4244 Cicero:
988 4182 1048 4239 luna
1078 4146 1189 4273 iim*
1232 4183 1273 4240 sol
1334 4182 1404 4240 llere
1439 4184 1538 4263 iupiter
1555 4185 1661 4245 Sntnrn.
1677 4190 1785 4248 coelum

316 4326 319 4333 ·
351 4304 468 4362 Munuel:
992 4301 1052 4358 lune
1071 4301 1185 4359 Mereor.
1208 4301 1298 4358 Venus
1349 4305 1389 4359 sol
1447 4303 1517 4361 liare
1557 4305 1657 4385 Iupiter
1674 4306 1785 4367 Suturn.

336 4390 474 4447 Boethius:
970 4388 1074 4444 Sstnrn.
1093 4387 1193 4466 iupiter
1220 4386 1291 4444 biars
1346 4389 1385 4444 sol
1430 4389 1521 4448 Venus
1542 4390 1654 4450 lllercur.
1696 4394 1756 4451 lune

287 4475 476 4534 Nicomuchus:
970 4473 1075 4530 Setnrn.
1095 4475 1195 4553 iupiter
1222 4472 1291 4530 linus
1346 4474 1385 4530 sol
1426 4475 1535 4533 Mereor.
1557 4477 1648 4534 Venus
1693 4478 1755 4535 inne

236 4629 270 4687 ili
287 4632 365 4706 igitar
380 4632 537 4708 scriptores,
553 4629 671 4704 quumvis
688 4647 738 4683 non
757 4636 897 4701 congruent
913 4627 980 4682 inter
996 4647 1039 4691 ss,
1060 4638 1146 4684 tumen
1164 4628 1197 4683 ab
1216 4629 1308 4683 nsitutu
1328 4627 1454 4684 diatonica
1472 4629 1543 4685 ecula
1561 4650 1613 4686 noa
1629 4632 1765 4689 recedunt.
1802 4635 1872 4692 Con-

236 4715 423 4783 truPlinius,
442 4716 530 4771 histor
542 4724 592 4769 net
611 4712 704 4778 libri,
721 4734 779 4792 esp
772 4715 833 4780 ..22,
853 4711 1100 4779 etCsnsorinus,
1119 4733 1176 4790 cup.
1170 4715 1231 4781 .‚13
1247 4713 1349 4770 diverse
1368 4715 1400 4770 ab
1419 4713 1471 4770 illie
1488 4715 1623 4772 intervella
1643 4719 1787 4796 proferunt,
1805 4723 1872 4777 inter

236 4822 265 4858 se
283 4823 334 4860 uno
351 4806 449 4859 thnturn
469 4798 573 4858 coeli'
553 4819 608 4854 stre
625 4799 740 4872 signiferi
758 4799 793 4866 (i.
811 4817 833 4852 o
848 4795 1045 4866 sudiaconum
1064 4797 1228 4865 differentes,
1253 4820 1330 4875 quem
1349 4820 1362 4854 u
1382 4800 1485 4856 Saturni
1507 4820 1571 4856 sono
1591 4801 1720 4861 Plinius
1742 4808 1871 4862 triemito-

237 4888 293 4957 nio,
316 4887 521 4944 Censorinus
544 4886 682 4942 semitonio
704 4884 801 4940 distare
824 4881 895 4938 dicit.
943 4884 998 4940 ianr
1021 4904 1095 4951 vero,
1121 4904 1200 4960 qaum
1222 4895 1314 4942 neuter
1335 4885 1446 4954 indicet,
1470 4895 1555 4942 utrum
1578 4889 1611 4944 sb
1634 4899 1710 4946 scuto
1731 4891 1760 4946 in
1784 4910 1871 4964 grave,

238 4992 269 5029 nn
292 4993 306 5027 u
327 4976 398 5048 graui
423 4974 449 5028 in
474 4982 577 5028 neutum
601 4968 751 5027 collocando
769 4968 814 5026 illu
833 4968 967 5026 intervella
985 4971 1049 5038 sint,
1071 4979 1207 5045 utrumque
1229 4973 1354 5028 rationem
1376 4970 1420 5028 bic
1438 4991 1551 5050 oppono:
