4236 5580
964 303 1116 432 ...ἓῖ-

225 516 425 600 ναλοομένου
454 515 550 582 κενοῦ
578 512 670 601 παρά
698 534 764 580 τισι
789 511 966 613 γράφεται,
1001 513 1266 602 ἢ’καλοομένοο
1293 517 1386 584 κενοῦ
1633 520 1798 609 γράφεται

225 618 355 703 μακρᾶς
382 615 537 704 διγρόνου
566 655 622 694 -,
654 609 678 696 ἢ
712 613 880 702 τριχρόνοο
912 627 969 696 1.,
999 614 1023 696 ἢ

225 715 443 805 τετραχρόνον
467 730 515 799 u,
535 717 558 799 ἢ
579 715 803 804 πενταχρόνον
822 734 879 798 tu,
899 713 941 783 τά
962 720 1023 802 μὲν
1235 735 1240 750 ·
1736 720 1780 790 τὰ
1800 729 1867 810 μὲν

225 818 294 912 ᾠδῇ
315 825 471 906 κεχομένα
493 823 627 902 λέγεται,
649 828 684 887 ἐν
704 822 740 887 δὲ
759 823 847 907 μέλει
859 817 951 906 μόνῳ
964 843 1022 886 κα·
1063 817 1134 914 ᾠδῇ
1158 826 1316 907 κιχομένα
1337 823 1471 906 λέγεται,
1492 826 1526 888 ἐν
1548 822 1583 888 δὲ
1593 825 1680 907 μέλει
1695 823 1788 912 μόνῳ
1811 851 1867 892 κα.

226 925 330 991 λεῖται
351 919 656 1010 διαψηλαφήματα.
701 923 732 987 4.
749 920 798 988 Τὰ
822 923 856 987 δὲ
874 944 1022 1006 προειρη·
1062 924 1166 990 ieiune
1188 922 1489 1014 διαψηλαφήματα.
1518 925 1571 990 86.
1594 921 1645 991 Tei
1667 928 1866 1011 δὲπροειρη-

229 1030 312 1110 μένα
333 1023 394 1090 τοῦ
415 1025 532 1108 μθιονς
553 1021 703 1109 ὀνόματά
718 1046 752 1090 τε
767 1025 825 1089 καὶ
835 1033 955 1107 σημεῖα
967 1026 1022 1091 καὶ
1061 1031 1144 1111 μένα
1164 1026 1226 1093 τοῦ
1246 1027 1364 1110 μέλους
1384 1022 1533 1111 ὀνόματά
1549 1048 1583 1092 τε
1600 1030 1655 1095 καὶ
1672 1043 1791 1113 σημεῖα
1805 1037 1866 1098 καὶ

226 1123 382 1214 σχήματα
402 1123 486 1192 οὕτω
508 1131 675 1192 τέτακται·
695 1123 915 1212 πρό[ς]ληφλς
936 1129 1024 1191 ἐστιν
1063 1124 1217 1213 σχήματα
1247 1125 1331 1193 οὕτω
1366 1131 1533 1194 τέτακται·
1572 1127 1743 1214 πρόληψις
1775 1139 1866 1199 ἐστιν

227 1235 262 1296 ἐκ
283 1227 346 1294 τοῦ
365 1228 549 1314 βαρυτέρου
560 1224 723 1315 φθόγγου
739 1230 789 1293 ἐπὶ
799 1220 853 1293 τὸν
868 1222 1024 1312 ὀξύτερον
1063 1234 1098 1294 ἐκ
1119 1229 1178 1295 τοῦ
1198 1229 1380 1318 βαρυτέρου
1391 1225 1554 1318 φθόγγου
1565 1233 1618 1297 inei
1633 1226 1693 1297 τόν
1708 1229 1866 1321 ὀξύτερον

224 1327 311 1409 κατά
330 1332 428 1416 μέλος
449 1333 595 1406 ἐπίτασις
605 1325 859 1408 ἤτοιάνάδοσις,
880 1325 919 1409 ἦν
938 1351 1022 1406 τινες
1062 1327 1226 1418 φθόγγον
1300 1332 1302 1337 ’
1529 1328 1695 1413 ἀνάδοσις,
1717 1332 1757 1416 ἥν
1779 1358 1866 1414 τινες

222 1433 382 1501 καλοῦσιν
409 1427 493 1518 ὑφὲν
525 1432 665 1497 ἔσωθεν·
700 1429 799 1495 τοῦτο
832 1430 868 1495 δὲ
897 1435 1022 1532 γίνεται
1062 1430 1219 1499 καλοῦσιν
1248 1429 1330 1520 inpio
1363 1433 1504 1500 ἔσωθεν·
1537 1433 1636 1501 τοῦτο
1672 1435 1708 1500 δὲ
1736 1430 1862 1520 γίνεται

224 1536 387 1612 ποικίλως,
408 1529 536 1616 άμέσως
555 1553 590 1598 τι
611 1535 666 1599 καὶ
687 1525 742 1600 διά
761 1536 877 1617 μέσον·
1061 1535 1230 1619 ποικίλως·

292 1669 318 1726 3.
353 1669 511 1724 Artieuinse
527 1660 568 1719 'H
581 1678 647 1724 onte
663 1670 710 1737 pis
727 1658 774 1720 οιῗν
787 1671 861 1726 θόοις
881 1685 931 1722 ose.
948 1685 975 1720 n.
990 1697 1023 1708 -
1040 1664 1112 1741 παρά
1127 1675 1196 1721 τοῖσι
1210 1663 1339 1739 γράφεται
1348 1671 1381 1726 Ν.
1391 1666 1462 1740 παρά
1472 1689 1497 1721 τι
1506 1684 1551 1742 γρ·
1565 1673 1599 1726 Ρ.
1613 1698 1645 1711 -
1657 1668 1781 1741 διχρόνων
1790 1691 1826 1720 =
1836 1682 1863 1730 ης

292 1756 385 1810 deinde
402 1756 521 1825 epotinne
538 1754 662 1808 relietum
679 1761 799 1823 quotuor
811 1757 874 1820 sere
890 1755 1012 1809 emeiiee
1028 1756 1168 1826 esmeisse
1185 1756 1214 1808 ie
1229 1771 1257 1824 γ.
1275 1762 1302 1809 et
1320 1773 1362 1820 sne
1386 1755 1450 1810 itere
1469 1756 1498 1810 in
1514 1756 1549 1822 P,
1567 1757 1614 1810 ωλι·
1626 1766 1774 1826 praetereo
1789 1761 1864 1814 deest

290 1842 398 1911 signum
413 1847 478 1911 poet
496 1835 626 1908 διχρόνων.
644 1866 678 1877 -
694 1837 807 1890 καλεῖται
824 1858 873 1894 orn.
889 1857 918 1910 p.
936 1847 962 1895 et
980 1857 1008 1897 τι.

222 2011 322 2070 tiiutum
339 2030 406 2070 esse.
440 2011 585 2070 Enetetir.
607 2011 641 2069 od
664 2010 696 2070 il.
715 2014 760 2079 ll,
780 2013 840 2070 628.
858 2008 924 2067 οἴσω
947 2016 990 2067 eoi
1011 2012 1059 2066 τοῦ
1080 2008 1170 2083 φόλλιι
1191 2009 1296 2085 νιρόεοτι
1311 2009 1342 2066 τό
1360 2012 1420 2082 φατ’,
1441 2016 1524 2066 intro
1542 2015 1568 2067 eii
1586 2005 1665 2075 αὖθις
1680 2015 1865 2089 προῦπόνειται

221 2099 269 2154 τοῦ
290 2098 414 2167 φηλαφιῖ”
436 2097 560 2168 ψηλαφᾶν
579 2095 629 2169 γάρ
651 2101 740 2169 supine
762 2095 792 2150 τό
815 2095 920 2168 φόλλειν
941 2095 1108 2170 ἰπαφάμιιον
1123 2101 1237 2171 χορδῶν,
1258 2091 1354 2152 ταότόν
1373 2089 1398 2149 δ’
1414 2099 1503 2162 εἰπεῖν,
1520 2099 1608 2165 peiren
1624 2104 1699 2172 χειρί.
1734 2100 1862 2161 Ceterum

223 2180 414 2259 eompereudus
431 2191 473 2237 eet
489 2181 671 2250 Aristides,
691 2183 739 2258 qui
760 2179 779 2239 l.
797 2180 814 2238 Ι.
837 2182 928 2254 dneet,
953 2182 1017 2260 quid
1041 2181 1101 2252 tint,
1123 2185 1146 2240 ei
1169 2183 1202 2240 de
1224 2182 1308 2240 tribue
1335 2181 1451 2237 mueieee
1469 2180 1599 2258 pertibus,
1623 2203 1690 2261 quie
1707 2188 1864 2244 eoniuuetee

223 2269 352 2324 eentieum
371 2259 474 2334 (ᾧδην)
491 2265 621 2334 eifieinut,
645 2264 783 2338 rhythmo,
808 2264 934 2332 melodia,
956 2267 1046 2323 verbio
1063 2266 1159 2336 (λέξει)
1183 2277 1228 2324 eut
1248 2287 1299 2325 une
1322 2263 1502 2344 tantummodo
1525 2274 1571 2321 eut
1592 2264 1695 2324 duobus
1714 2272 1863 2328 eoniunetie

223 2361 334 2409 utemur.
369 2347 504 2424 Rhytiemo
522 2351 591 2405 euim
609 2368 671 2406 eum
688 2348 802 2406 melodis
822 2352 959 2406 coniuncto
976 2349 1047 2406 effici
1063 2350 1194 2423 κρούματα
1211 2355 1254 2405 eet
1271 2352 1346 2418 reite,
1363 2350 1414 2406 i.e.
1431 2350 1531 2404 eeutiee
1547 2350 1786 2422 instrumentorum,
1803 2357 1862 2412 eine

221 2433 335 2493 humour
353 2452 428 2502 voee,
445 2452 511 2509 quse
528 2429 668 2503 μιοαυλινά
684 2451 788 2511 qunque
806 2444 939 2502 venentur,
960 2432 1059 2491 Arist
1076 2454 1103 2513 p.
1121 2435 1165 2502 26,
1181 2437 1238 2492 eire
1256 2431 1374 2487 διαύλιια
1390 2430 1493 2500 snit..
1514 2434 1571 2490 sive
1589 2435 1691 2490 διαύλιον
1708 2434 1865 2517 Ηειγελι.ς

222 2539 284 2578 eum
306 2516 395 2575 verbis
422 2518 558 2586 ποιήματα
579 2513 645 2585 μετὰ
664 2520 839 2588 μεμιασμένης
859 2513 1027 2589 ὑποκρίσεως,
1045 2520 1064 2577 i.
1075 2538 1098 2574 e.
1119 2537 1212 2575 versus
1234 2537 1284 2575 noe
1307 2515 1425 2574 eruendo
1445 2515 1495 2573 sed
1511 2515 1644 2595 loquendo
1661 2541 1721 2578 eum
1740 2523 1861 2598 gestibus

221 2604 416 2684 pronuntiemur
432 2599 522 2656 uerbis
535 2619 594 2657 eum
612 2599 726 2658 melodia
743 2607 866 2672 νεχομένα
883 2596 1000 2671 ᾅσματα,
1017 2621 1083 2678 quse
1101 2621 1115 2656 e
1133 2605 1228 2660 nostrie
1248 2601 1313 2659 ltele
1331 2620 1396 2659 enee
1413 2611 1539 2657 vocentur
1556 2599 1752 2674 Recitatiei;
1770 2618 1861 2666 conen

220 2686 359 2762 rhythmo,
381 2685 476 2741 eeteris
491 2684 612 2760 pertibus
629 2688 749 2756 remotis,
773 2685 870 2743 nudem
889 2686 960 2743 eiiiei
977 2685 1156 2753 saltationem
1178 2685 1318 2743 melodium
1336 2684 1419 2742 solem
1438 2686 1524 2741 inesse
1540 2685 1638 2743 tubulis
1654 2688 1785 2749 scelerum
1802 2714 1862 2751 mu·

219 2775 333 2831 nieorum
353 2766 575 2840 (διαγράμμασι),
593 2769 651 2839 ubi,
669 2789 793 2827 sonorum
811 2773 880 2828 inter
896 2791 925 2827 ee
943 2772 1065 2841 retionee,
1082 2772 1202 2847 neglecto
1218 2769 1350 2848 rhythmo,
1367 2779 1528 2850 spectentur,
1545 2779 1573 2826 et
1590 2764 1709 2834 itinere
1724 2779 1862 2847 μελῳδίαις

219 2853 480 2926 (διαφηλαφημασι),
498 2853 594 2931 quibus
610 2874 659 2912 uoe
676 2876 781 2941 quoque
799 2853 939 2924 interdum,
956 2853 1030 2912 velut
1044 2854 1238 2940 praeludendo,
1256 2857 1367 2926 utimum
1382 2853 1523 2913 uerborum
1540 2851 1685 2916 soliterium
1702 2878 1787 2930 osum,
1805 2882 1861 2941 qun

218 2940 348 3023 pedestris
364 2940 446 2994 orntio
463 2937 585 3009 eiiieitur,
603 2939 708 2998 niientio
724 2941 868 3020 proeteriit.
954 2962 961 2977 ⁴

287 3060 311 3112 4.
329 3066 355 3111 et
372 3056 414 3110 86.
432 3072 507 3131 seqq.
542 3053 619 3112 Notis
635 3059 756 3126 musicis,
779 3058 874 3135 quibus
891 3058 978 3113 veriee
1001 3055 1113 3114 eenenii
1131 3066 1159 3112 et
1175 3055 1309 3136 peulieuii
1330 3056 1431 3131 figuree
1453 3055 1504 3112 hoe
1527 3055 1586 3113 loeo
1609 3055 1783 3128 illustrentur,
1805 3061 1860 3121 elie

219 3162 270 3200 non
288 3159 347 3197 roro
365 3138 517 3215 interposite
535 3149 595 3195 suot
612 3142 698 3212 signe,
724 3161 791 3220 quse
810 3153 870 3198 sunt
887 3141 999 3218 tripiieie
1021 3143 1131 3217 generis.
1170 3139 1286 3198 Primum
1309 3159 1387 3197 euers
1410 3139 1506 3198 lineoie
1528 3143 1585 3198 eive
1608 3141 1805 3210 semieirenius,
1829 3157 1861 3205 ut

219 3228 247 3284 in
261 3225 386 3298 proiepei
401 3228 431 3277 et
449 3224 556 3293 eeiepei,
575 3224 685 3300 quibus,
706 3220 770 3294 όφὶν
789 3230 887 3277 ἔσωθεν
905 3226 938 3292 (e
956 3227 1030 3299 grevi
1049 3227 1076 3289 iu
1093 3226 1216 3292 eentum)
1235 3234 1262 3280 et
1279 3220 1341 3295 inpie
1358 3228 1456 3284 ,tientes
1473 3225 1526 3293 (eb
1550 3235 1629 3284 sento
1647 3228 1673 3284 in
1695 3231 1792 3303 greve)
1810 3249 1860 3287 vo·

219 3313 297 3375 estis,
319 3327 377 3362 esen
401 3315 510 3382 epperet
527 3304 637 3363 duorum
654 3327 778 3364 nouorum
796 3310 1015 3365 eootiouetiunem
1032 3307 1105 3376 fieri,
1132 3328 1210 3385 quem
1232 3327 1281 3364 noe
1298 3306 1392 3365 eodem
1414 3310 1490 3386 signo
1511 3308 1668 3368 indicemus.
1702 3312 1794 3395 quue
1812 3335 1859 3372 es·

218 3392 306 3454 nendo
323 3390 446 3458 eifieitur,
463 3391 509 3446 ubi
528 3395 573 3447 oni
589 3391 707 3475 spiiebee
726 3391 778 3450 δοο
795 3391 838 3451 uel
856 3393 946 3470 piures
962 3394 1020 3448 soni
1038 3394 1160 3450 continuo
1176 3412 1206 3450 se
1224 3392 1388 3470 excipientes
1403 3394 1565 3462 tribuuntur,
1585 3394 1612 3450 it
1630 3395 1703 3479 quod
1720 3397 1855 3457 Aristo·

217 3497 320 3538 xenos
337 3485 413 3532 voest
428 3483 532 3551 tetupos
546 3494 561 3530 e
577 3479 723 3557 componito
735 3487 761 3534 et
774 3477 946 3554 incomposito
964 3479 1083 3534 mixtum.
1117 3476 1245 3551 ltuyun.
1262 3498 1290 3554 p.
1306 3478 1365 3533 288.
1384 3473 1531 3548 όδεμινιὸς
1548 3478 1667 3550 (χρόνος)
1685 3477 1856 3552 &repentem

217 3560 366 3631 κατελήφθη
390 3562 508 3632 (corrige
530 3563 747 3631 καταληφθῆναι)
769 3558 821 3615 ὑπό
844 3562 970 3630 συλλαβῆς
985 3566 1032 3632 μὲν
1052 3562 1114 3633 μιᾶς
1120 3602 1129 3626 ,
1150 3558 1203 3616 ὑπὸ
1223 3561 1350 3633 φθόγγων
1372 3564 1399 3615 ot
1420 3560 1553 3620 πλειόνων.
1587 3562 1714 3622 Ceterum
1737 3572 1858 3643 congruit

216 3649 268 3706 hoe
285 3647 411 3702 inusieunr
430 3648 533 3721 signnm
555 3665 614 3702 eum
633 3648 801 3719 gremmetieu
818 3651 937 3718 typhon,
964 3647 1034 3723 quod
1056 3645 1153 3703 Priee.
1176 3643 1210 3701 (ie
1227 3655 1329 3705 eeeent.
1352 3664 1377 3702 e.
1399 3648 1422 3708 2,
1441 3645 1511 3704 lenoe
1534 3649 1561 3704 io
1584 3647 1691 3709 modom
1715 3648 1857 3712 describit:

219 3737 335 3806 Virguio
352 3735 471 3787 euticete
488 3734 587 3797 emet.
605 3735 656 3788 iou
672 3742 739 3787 eote
759 3759 799 3796 υ,
816 3750 872 3803 que
889 3736 943 3787 ouo
960 3735 1050 3801 uerte,
1067 3752 1129 3787 eum
1147 3751 1192 3789 ree
1207 3735 1303 3805 exigit,
1320 3735 1483 3802 eoputoenue.
1518 3731 1678 3809 Plerumque
1690 3737 1716 3791 in
1730 3737 1855 3804 inferiore

215 3819 352 3876 emberum
373 3825 493 3872 notarum
518 3824 592 3885 perte
616 3817 745 3901 seriptum
768 3813 834 3871 iliud
857 3818 1000 3894 reperitur,
1022 3835 1207 3893 nonnunquem
1226 3817 1294 3872 iuter
1315 3825 1467 3892 utrumque,
1490 3816 1560 3873 unde
1588 3837 1669 3896 seepe
1693 3821 1718 3875 in
1741 3819 1854 3896 figurem

217 3911 293 3960 uotee
309 3910 338 3959 0
362 3899 407 3969 (i)
425 3901 497 3955 ebiit.
535 3897 588 3956 Ubi
606 3901 632 3956 in
650 3900 774 3958 omnibus
795 3899 874 3957 codd.
891 3902 1018 3957 ominum
1036 3903 1153 3980 repperi,
1170 3919 1222 3956 non
1239 3900 1352 3968 restitui,
1369 3899 1416 3956 sed
1436 3903 1532 3958 nostris
1549 3911 1649 3960 tentum
1665 3905 1736 3963 notis
1750 3904 1853 3964 rddidi.

214 3984 255 4044 Eo
279 3987 356 4060 igitur
375 3985 512 4057 proiepee's
534 3993 561 4040 et
587 3988 698 4058 eetepee'e
721 3985 845 4041 diiierunt
869 4004 883 4039 e
906 3989 1035 4056 proeruei
1060 3994 1088 4041 et
1118 3988 1241 4052 eeesuei,
1277 4003 1386 4059 querum
1412 3986 1481 4040 uotis
1507 3985 1578 4043 nuile
1609 3988 1762 4066 interponite
1790 4001 1856 4048 sunt

213 4072 295 4146 signe,
313 4068 384 4146 quod
402 4071 428 4124 in
446 4069 488 4126 his
505 4089 555 4124 nou
571 4071 760 4145 eouiunguntnr
777 4070 833 4124 soni
850 4087 880 4124 se
897 4070 1073 4147 excipientes,
1091 4065 1216 4123 similiter
1232 4077 1261 4125 ut
1279 4066 1348 4146 spui
1367 4086 1414 4126 noe
1435 4088 1553 4146 quoque,
1577 4072 1626 4128 nisi
1648 4073 1723 4147 siguo
1745 4072 1854 4151 hpphso

214 4162 291 4208 notre
308 4153 460 4207 eoniunetee
476 4161 549 4217 eunt,
571 4173 622 4210 non
641 4155 756 4211 continui
775 4153 808 4208 eb
826 4151 1031 4221 tinetteeueeue,
1053 4153 1100 4229 qni
1122 4153 1301 4210 instrumentis
1325 4162 1433 4218 coeunte
1454 4155 1480 4208 in
1504 4164 1582 4211 eentu
1602 4159 1736 4234 pruerueie
1758 4170 1785 4214 et
1807 4179 1854 4215 ee·

214 4238 297 4293 erueie
318 4234 477 4305 efficiuntur,
499 4236 544 4292 ubi
565 4237 675 4312 singuiis
695 4236 806 4313 eyilebis
828 4236 924 4312 ringuli
946 4239 1004 4294 eooi
1027 4247 1221 4317 supponuntur,
1244 4236 1272 4293 id
1295 4235 1366 4314 qnod
1389 4236 1423 4293 ob
1447 4238 1647 4296 Aristoxeno
1669 4239 1688 4296 l.
1708 4240 1724 4297 Ι.
1742 4255 1855 4301 vocetur

214 4315 299 4380 ἁπλοῖς
316 4318 442 4379 σύνθετος
457 4319 560 4390 χρόνος,
580 4319 594 4373 ό
611 4318 661 4374 ὑπό
680 4322 781 4374 πάντων
797 4322 848 4374 τῶν
864 4321 1059 4393 ρὀθμιζομείων
1076 4326 1234 4395 διῃρημένος.
1269 4320 1394 4378 Ceterum
1413 4334 1571 4401 procruseits
1592 4334 1618 4378 et
1636 4343 1776 4382 eccruseos
1797 4330 1853 4384 ein-

163 4393 168 4399 ’
213 4404 266 4480 guli
294 4406 352 4461 soni
379 4403 527 4461 brevissimi
551 4408 582 4472 (i.
604 4425 628 4462 e.
650 4405 824 4478 μονόχρονον)
852 4425 911 4462 esse
933 4406 1057 4464 dicuntur
1078 4416 1142 4462 sect.
1162 4407 1188 4462 o.
1211 4414 1239 4460 et
1256 4409 1298 4475 88,
1329 4405 1356 4461 id
1375 4405 1444 4482 quod
1464 4409 1557 4463 nrieurn
1578 4407 1689 4465 vitietur.
1730 4410 1853 4470 Alterum

212 4493 314 4566 signum
339 4493 529 4560 eridianum,
557 4510 625 4566 quse
647 4489 794 4568 explicetur
816 4500 892 4548 seett.
917 4494 957 4547 ll.
980 4501 1006 4547 et
1033 4492 1076 4552 93.
1104 4489 1148 4546 ubi
1177 4499 1265 4547 temen
1289 4492 1391 4564 signnm
1414 4494 1498 4569 ipeueu
1524 4493 1695 4549 desideretur.
1730 4494 1786 4551 Sed
1810 4499 1852 4553 eii³

212 4593 315 4631 versem
334 4573 411 4629 huius
429 4576 543 4630 musione
562 4577 688 4634 dieetoiee
707 4575 816 4631 formem
835 4596 849 4631 e
866 4577 1034 4650 gremmetiee
1049 4594 1117 4640 esse,
1135 4593 1214 4651 quem
1234 4571 1336 4630 Priee.
1355 4571 1371 4629 l.
1388 4573 1405 4628 Ι.
1424 4577 1488 4632 dieit
1500 4582 1624 4634 destrunt
1635 4587 1742 4649 perteue
1754 4584 1854 4637 eirenti

212 4664 249 4716 od
271 4664 340 4715 inrue
366 4663 475 4714 titteroe
504 4663 665 4728 oepoeitonr,
692 4680 725 4717 ex
747 4660 834 4718 nitetis
856 4659 900 4716 hie
922 4661 1052 4740 exemplis
1074 4658 1238 4734 inteiiigitnr,
1266 4660 1405 4737 praecipue
1427 4680 1442 4714 e
1464 4671 1521 4716 seet
1551 4664 1575 4725 2,
1600 4680 1623 4735 ς.
1659 4661 1803 4741 Reponitur
1825 4667 1851 4723 iu

211 4764 304 4816 eompo
313 4746 369 4799 sive
379 4746 522 4814 eompieeno
534 4739 595 4799 etin
606 4750 749 4802 teretiemo.
767 4744 821 4801 Sed
833 4748 933 4802 venient
943 4746 1126 4803 codieeeiuter
1137 4741 1248 4800 haesere
1258 4744 1365 4820 figures:
1392 4736 1441 4822 ᾧ,
1458 4735 1505 4809 Χ,
1528 4748 1568 4812 Ψ.
1586 4745 1688 4825 Seripsi
1698 4748 1796 4823 ubique
1808 4740 1853 4820 Χ,

211 4847 279 4905 ques
302 4828 383 4902 figure
413 4831 440 4884 in
457 4827 632 4904 Neepoiiteno
655 4832 746 4888 codiee
770 4827 931 4904 frequentior
952 4832 1047 4888 ueteris
1065 4840 1119 4892 eet3
1141 4839 1269 4894 ettamen,
1288 4849 1368 4906 quum
1386 4832 1412 4886 in
1430 4827 1620 4889 Perisiensibus
1636 4832 1792 4910 pierumque
1818 4837 1855 4904 Ψ
