4236 5580
839 281 989 407 ,οτ-

98 486 245 567 δουτικός
263 485 430 576 φθόγγον
450 486 609 571 ὀξυτέραν
628 487 691 570 μέν
713 484 801 568 [οὔτε
814 489 924 573 πέρας]
978 480 1086 544 δεκτικὸς
1163 482 1290 554 φθόγγον
1368 479 1488 561 ὀξυτέραν
1565 495 1612 561 μου
1684 496 1729 564 τῆς

101 607 240 674 βαρυτέρας
257 589 356 674 οὔσης
371 591 430 672 τῆς
444 592 510 657 τῶν
524 587 701 676 ὁριζονσῶν
711 582 750 654 τὸ
763 585 926 672 διάστημα
975 593 1113 660 βαρυτέρας
1177 588 1227 640 τοῖν
1294 583 1432 660 desiccans
1496 587 1527 645 ec*
1598 592 1730 666 διάστημα

97 692 234 775 τάσεως,
254 696 439 782 βαρυτέρων
461 694 495 759 δὲ
518 689 697 758 ἀνάπαλιν·
720 685 869 781 διαφορὰ
892 692 926 757 δέ
975 687 1088 758 edetur,
1115 694 1255 762 nomem
1282 693 1309 743 ‘ll
1335 691 1382 758 τῆς
1408 685 1535 765 ὀξυτέρας·
1561 693 1677 768 διαφοραὶ
1702 701 1730 753 δέ

98 802 165 864 ἐστι
181 797 246 864 τῶν
262 793 436 864 τάσεωντὸ
448 796 577 883 μᾶλλον
598 784 735 874 ἢῆττον
752 789 926 860 τετάσθαι.
976 796 1029 845 1⁰1⁶
1060 789 1157 845 τάσιν
1190 789 1221 844 τό
1255 793 1352 862 μᾶλλον
1385 787 1405 862 οἳ
1438 790 1515 862 ἦττον
1550 796 1684 854 menon

132 901 175 954 tt).
202 897 297 958 eduense
312 904 449 970 βαρυτέρας
466 899 493 950 di
513 900 544 953 Ρ.
562 906 589 952 cl
604 916 646 967 ln,
671 901 813 968 βαρυτέρν
831 914 926 968 super·

99 987 209 1055 seriptis
224 994 376 1056 posternae
395 987 513 1057 syllabus
529 985 632 1038 litteris
648 998 691 1051 ut,
707 970 740 1038 Β.
757 990 784 1037 et
796 1001 821 1037 τι.

183 1121 233 1185 51.
277 1117 443 1204 Σύστημα
470 1119 504 1185 δέ
529 1124 597 1185 ἐστι
621 1112 773 1198 σύνταξις
798 1113 955 1183 πέτοόνονν
976 1113 1142 1203 φθόγγων
1167 1123 1202 1184 έν
1226 1117 1275 1201 τῷ
1299 1118 1492 1205 τῆςφωνῆς
1518 1120 1610 1209 τόπῳ
1632 1127 1730 1194 θέσιν

98 1216 171 1288 τινὰ
199 1219 299 1289 στοιὰν
321 1226 454 1309 ἔχουσα·
476 1218 498 1301 ἢ
518 1216 556 1287 τὸ
579 1226 613 1286 ἐκ
634 1214 790 1285 πλειόνων
811 1214 833 1300 ἢ
852 1215 925 1298 ἑνὸς
945 1217 1167 1305 διαστήματος
1188 1220 1355 1298 συνεστώς.
1397 1221 1449 1287 52.
1476 1223 1550 1291 Τῶν
1569 1229 1728 1313 μςλριὸου.

10 1408 13 1419 Ι
96 1328 202 1408 μένων
229 1327 303 1410 τρία
325 1329 400 1408 γένη
422 1325 520 1391 ἐστίν·
543 1319 697 1406 ἁρμονία,
723 1321 856 1409 χρῶμα,
883 1318 1052 1388 διάτονον·
1078 1320 1223 1407 ἁρμονία
1243 1329 1303 1408 μέν
1328 1329 1427 1405 ἐστιν,
1450 1317 1523 1418 iugi
1544 1322 1581 1392 τὸ
1604 1331 1729 1398 πυκνὸν

97 1421 321 1511 ἡμιτονιαῖον·
347 1426 430 1508 αὕτη
452 1426 486 1492 δέ
508 1431 576 1492 ἐστι
595 1420 774 1509 μονοειδής.
816 1423 869 1494 tt.
894 1421 1079 1511 Χρώματος
1099 1426 1136 1491 δὲ
1157 1421 1227 1506 εἴδη
1248 1428 1337 1513 τρία·
1355 1427 1485 1513 πρῶτον
1504 1430 1566 1513 μέν
1585 1436 1641 1499 καὶ
1661 1431 1729 1500 ilui-

110 1644 124 1697 λ
165 1564 206 1617 51.
228 1568 304 1617 θέσιν
319 1560 366 1631 τὴν
382 1559 460 1617 ποσσὶν
476 1565 541 1619 Pur.
558 1560 592 1617 B·
609 1591 643 1602 -
660 1558 715 1620 ἱνός
731 1557 892 1630 συστήματος
910 1562 945 1617 Ν.
963 1590 996 1605 -
1030 1563 1072 1616 hi.
1096 1566 1163 1615 έστςν
1178 1559 1316 1631 μονοειδής
1333 1562 1367 1620 B.
1384 1593 1419 1606 -
1455 1565 1496 1620 &i
1517 1566 1617 1640 πρᾶτον
1633 1574 1680 1637 μὲν
1695 1567 1726 1623 eo*

97 1644 232 1713 έοὶχιστον
251 1651 283 1705 Β.

100 1820 296 1829 ...υ-.-

98 1927 173 1999 tete,
194 1931 346 2007 μειαεύςης,
372 1931 499 2005 διαφορά,
525 1931 555 1987 ri
583 1931 776 2006 περιεχόμενον,
801 1942 828 1988 et
854 1933 939 2012 ipsum
965 1929 1032 1989 illud
1059 1952 1154 1990 nomen
1177 1932 1306 2006 διάστημα
1332 1933 1528 1993 Aristoxeni
1547 1939 1641 1995 reticui
1667 1958 1728 1998 con·

99 2020 204 2089 ueuire,
227 2022 273 2098 qui
289 2019 371 2074 τόσον
387 2021 474 2090 φωνῆς
489 2021 592 2088 stituit,
614 2021 641 2076 in
659 2018 732 2075 cuius
752 2015 861 2094 singulis
878 2017 944 2075 locis
961 2015 1056 2093 singuli
1073 2020 1131 2075 soni
1148 2020 1226 2098 positi
1247 2021 1313 2088 sint,
1336 2042 1416 2098 quum
1439 2019 1584 2079 secuudum
1608 2021 1727 2097 Pytha·

96 2123 212 2180 goreos
228 2104 393 2162 intervallum
411 2106 447 2161 sit
464 2106 530 2160 ratio
546 2103 722 2169 celeritrtum,
741 2102 836 2178 quihus
854 2121 964 2182 corpora
982 2101 1102 2159 diversos
1119 2124 1199 2160 sonos
1217 2104 1359 2161 efficientia
1376 2116 1542 2174 mercentur,
1563 2104 1634 2164 uude
1650 2107 1727 2177 λόγον

95 2188 263 2246 intervallum
280 2210 340 2246 esse
359 2189 398 2245 illi
416 2189 518 2254 dicunt.
534 2192 604 2254 siue,
625 2197 654 2245 ut
671 2186 885 2261 Thrasyllus,
908 2197 975 2244 teste
993 2185 1128 2245 Theone
1146 2210 1204 2266 pag.
1223 2191 1268 2255 id,
1289 2189 1416 2259 φθόγγων
1433 2189 1497 2263 πρὸς
1519 2186 1642 2260 ἀλλήλους
1662 2192 1728 2249 ποσοὶ

97 2281 189 2341 σχέσις.
223 2274 279 2335 Cir.
302 2274 374 2331 idern
391 2293 448 2351 png.
468 2277 533 2345 127,
552 2285 579 2331 et
596 2271 816 2332 Nicomachus
833 2292 891 2352 peg-
908 2276 955 2338 id,
978 2282 1005 2329 et
1027 2272 1178 2330 Euclidis
1202 2276 1285 2331 sectio
1308 2276 1426 2343 canonis,
1448 2286 1475 2333 et
1492 2297 1560 2354 quac
1581 2280 1728 2338 rectissime

96 2357 243 2439 disputarit
268 2358 302 2416 de
324 2359 374 2416 hae
400 2379 428 2416 re
454 2358 594 2432 llojescn
618 2359 646 2413 iu
668 2357 817 2414 hermonien
841 2358 949 2419 scientia
972 2357 1133 2416 Graecorum
1150 2378 1210 2439 pag.
1227 2361 1274 2430 46,
1304 2379 1379 2438 seqq.
1401 2391 1434 2403 ·-
1456 2360 1544 2419 Verba
1567 2358 1625 2417 οὔτε
1642 2370 1727 2437 σέρις,

96 2455 188 2523 aperte
206 2454 340 2524 carrupta,
364 2464 444 2521 quum
465 2442 643 2520 probabiliore
662 2443 809 2500 coniectura
827 2441 968 2499 emendare
984 2441 1072 2501 locum
1089 2442 1154 2500 mihi
1171 2463 1223 2501 uon
1241 2447 1405 2521 contigisset.
1424 2447 1453 2503 in
1468 2450 1604 2520 βαρυτέρας
1621 2451 1729 2521 mutavi,

26 2526 35 2545 ⁶
96 2528 167 2587 unde
183 2528 276 2586 eadem
295 2547 373 2588 saue
365 2547 459 2605 quae
477 2528 682 2585 Aristoxenianis
699 2527 788 2585 verhis
806 2529 887 2595 inest,
909 2530 1038 2584 sententia
1056 2528 1179 2587 edicitur
1214 2529 1336 2587 Attemen
1359 2549 1440 2609 quum
1462 2532 1532 2588 inter
1546 2538 1683 2606 βαρυτέρας
1700 2545 1728 2592 et

95 2620 174 2686 βαρυτ
175 2613 377 2686 emanatione
394 2612 514 2682 codices,
537 2631 647 2710 quorum
666 2611 719 2671 duo
735 2614 941 2692 superscriptum
959 2612 1069 2672 alterum
1087 2614 1162 2672 elteri
1178 2613 1290 2684 hebent,
1312 2618 1423 2692 genuina
1444 2620 1572 2695 scriptura
1593 2624 1726 2690 βαρυτέρα,
1761 2654 1765 2660 ‚

95 2705 236 2771 βαρυτέραν
253 2717 312 2755 esse
329 2699 424 2778 possit,
445 2709 475 2755 ut
491 2700 518 2755 in
535 2693 666 2755 illisum
683 2705 760 2769 πέρας
777 2693 857 2766 ου’σης
874 2697 1080 2757 arcionensem
1099 2700 1191 2768 lateat,
1214 2720 1266 2776 qno
1282 2699 1573 2757 Aristoxeuianam
1594 2701 1726 2762 interualli

96 2783 290 2851 definitionem,
305 2803 367 2841 sanc
385 2784 587 2839 inconcinnitate
605 2780 719 2859 quadum
737 2781 912 2848 laborantem
929 2785 1058 2859 corrigere
1076 2784 1154 2843 huius
1170 2784 1321 2862 scriptionis
1338 2794 1429 2841 auctor
1449 2783 1587 2843 studuerit.
1620 2784 1726 2851 &ab

96 2871 120 2926 si
137 2890 196 2926 curn
216 2870 372 2925 Aristoxeno
388 2866 553 2923 intervallum
575 2864 681 2922 locum
702 2868 760 2922 sire
781 2865 932 2923 ambitum
957 2867 1054 2936 (τόσον
1074 2866 1196 2932 δεκτικόν)
1220 2887 1279 2924 esse
1301 2866 1389 2935 dices,
1411 2869 1434 2925 is
1455 2888 1506 2925 non
1527 2867 1614 2928 solutu
1633 2888 1727 2935 ss

95 2973 173 3014 sonos
194 2955 262 3010 inter
282 2954 464 3029 gessissimnna
487 2960 514 3008 et
535 2951 714 3008 acutissimum
737 2948 867 3007 intervelli
888 2950 969 3008 linem
990 2953 1119 3019 iacentes,
1146 2950 1195 3007 sed
1224 2950 1319 3008 illos
1311 2971 1382 3030 οριοτ
1404 2952 1470 3010 fines
1492 2953 1571 3011 simul
1592 2956 1728 3016 mbas·

40 3024 48 3037 ⁵
95 3041 201 3119 proprie
217 3037 348 3117 putnudus
365 3047 419 3104 est,
436 3034 603 3104 elcutliuca,
624 3035 761 3094 interduo
778 3046 873 3115 puncta
891 3035 1092 3114 comprehensa,
1114 3038 1340 3116 praeteromnlu,
1357 3057 1424 3115 qnae
1441 3039 1491 3094 site
1508 3036 1730 3113 interillasurt,

95 3144 128 3182 ea
148 3128 206 3204 ipsa
228 3133 324 3202 puncta
344 3123 509 3180 terminantia
530 3119 609 3177 simul
634 3123 755 3178 continet.
795 3120 902 3199 ltaque,
929 3123 1050 3198 quoniam
1077 3120 1207 3178 intervalli
1234 3120 1347 3180 ambitus
1370 3141 1461 3179 omnes
1485 3141 1564 3179 sonos
1591 3126 1734 3186 continere.

96 3219 169 3266 recte
190 3209 242 3265 dici
266 3210 361 3289 possit
386 3210 430 3286 qni
452 3205 571 3284 quolibet
592 3204 660 3263 ultre
682 3207 827 3282 granonem
850 3209 907 3263 eins
930 3207 1068 3263 terminum
1091 3209 1192 3264 incente
1215 3226 1279 3264 sono
1302 3208 1443 3276 acutiores,
1471 3216 1498 3262 et
1521 3207 1641 3285 quolihet
1656 3210 1724 3272 ultre

97 3295 237 3351 acutiorem
255 3296 386 3368 graviores
403 3303 475 3356 sunt,
496 3293 522 3348 in
544 3287 664 3347 illis'r
620 3312 664 3345 σιτ
667 3312 678 3344 e
699 3299 776 3360 πέρας
798 3312 829 3344 ου
815 3288 876 3360 ioue
897 3292 980 3348 latere
997 3289 1119 3349 nonnulla
1137 3292 1217 3349 rerha
1235 3294 1349 3371 possint,
1372 3311 1438 3369 qnae
1460 3290 1529 3349 hanc
1549 3291 1605 3351 iere
1621 3307 1723 3355 senteu-

96 3381 160 3436 tiam
177 3381 336 3436 contineant:
359 3400 412 3446 ηςτι
414 3397 505 3437 eccum
520 3384 585 3448 πέρα
602 3373 688 3446 οὔσης.
723 3375 843 3451 Quod
821 3396 844 3432 sr
862 3385 1018 3442 statuemus,
1040 3374 1091 3432 hoc
1108 3398 1212 3456 qnoque
1229 3376 1332 3436 facilius
1347 3375 1513 3451 intelligitur,
1532 3397 1580 3436 cur
1596 3383 1723 3440 Aristo·

95 3467 233 3524 xeniana
252 3464 331 3520 verba
349 3467 489 3533 βαρυτέραν
476 3465 533 3514 vce
548 3482 594 3529 της
611 3456 715 3533 ὀξυτέρα
716 3483 742 3526 ς,
763 3464 861 3540 quippe
878 3481 945 3537 quas
963 3463 989 3517 in
1008 3461 1075 3518 hauc
1093 3473 1218 3521 mutetam
1236 3463 1269 3520 uh
1287 3463 1337 3519 hoc
1354 3463 1481 3541 scriptore
1503 3464 1634 3522 intervelli
1657 3466 1723 3525 deli·

96 3554 221 3608 nitioneru
240 3568 291 3603 uon
307 3546 477 3624 quadrarent,
494 3555 592 3601 mutatu
609 3544 643 3600 ah
660 3565 692 3600 eo
710 3545 806 3602 luerint
822 3548 848 3602 iu
866 3552 1007 3617 βαρυτςραν
1027 3550 1054 3600 δὲ
1072 3545 1204 3600 ἀνάπαλιν.

163 3638 205 3690 hi.
223 3630 321 3690 ilerum
337 3632 486 3705 systematis
503 3629 683 3685 definitionum
701 3632 773 3707 peior
791 3630 884 3708 legitur
901 3633 980 3687 etiam
997 3641 1062 3688 sect.
1075 3634 1124 3702 233
1141 3631 1221 3689 ultera
1243 3629 1312 3709 opud
1329 3630 1500 3689 Euclidem
1519 3653 1579 3713 ριρ.
1590 3636 1613 3703 i,
1629 3635 1721 3694 Nico·

97 3720 242 3779 maehum
260 3736 318 3794 pag.
335 3718 365 3781 8,
389 3713 568 3771 Aristidem
584 3733 644 3792 ρος.
663 3717 705 3769 lt.

164 3807 234 3860 5²-
241 3806 283 3858 ⁵7.
306 3799 344 3858 Ut
359 3801 468 3876 singula,
485 3820 553 3878 qnae
571 3811 598 3856 et
615 3799 657 3855 his
675 3808 701 3854 et
717 3800 877 3857 sectionibus
892 3803 1008 3868 ut-ut,
1026 3799 1060 3856 de
1078 3799 1209 3857 melodice
1226 3799 1365 3875 generibus
1382 3809 1408 3856 et
1425 3798 1564 3867 coloribus,
1580 3822 1722 3883 eorumque

97 3892 176 3948 eariia
192 3886 336 3945 intervallis
354 3885 483 3965 disputata
500 3896 570 3952 sunt,
587 3894 659 3941 recte
677 3883 860 3959 intelligantur,
875 3907 927 3943 non
944 3907 1026 3966 pauco
1044 3883 1198 3965 exponenda
1208 3884 1330 3942 vedentur
1346 3881 1381 3939 ds
1397 3885 1516 3941 universa
1533 3885 1583 3942 hac
1596 3885 1721 3959 durius,

97 3980 124 4034 in
140 3997 190 4054 qua
209 3974 298 4048 magis,
315 3990 392 4048 quum
410 3972 436 4027 in
455 3969 507 4027 ulla
525 3971 575 4026 elia
594 3969 708 4026 musices
725 3973 789 4026 ortis
802 3981 884 4049 perte,
902 3983 1006 4028 veteres
1019 3971 1052 4028 eb
1070 3970 1195 4027 hodierna
1213 3972 1312 4027 rufinus
1330 3977 1407 4046 utque
1425 3970 1611 4028 cousuetudine
1628 3973 1721 4033 shhor·

96 4072 161 4120 rent
195 4059 299 4116 iltcnim
318 4076 398 4135 quum
416 4065 485 4112 totee
502 4076 623 4112 sonorum
640 4057 735 4124 series,
753 4059 821 4124 sire,
846 4067 874 4113 ut
891 4077 939 4114 uos
956 4056 1078 4122 dicimus,
1094 4054 1196 4121 scalae,
1216 4053 1422 4111 etetruchordis
1439 4069 1670 4152 comnouerentnr,
1695 4072 1723 4118 et

98 4143 290 4204 tetrachordum
313 4150 396 4207 esse,t
421 4150 449 4195 ut
470 4142 541 4197 siunt
559 4139 720 4198 Bscchius
709 4162 823 4279 ὠρας.
822 4146 838 4197 7
861 4152 888 4200 et
906 4141 1072 4198 Aristides
1089 4160 1146 4218 pag.
1164 4142 1245 4204 1601
1230 4137 1298 4199 τάξις
1313 4138 1441 4212 τεσσάρων
1458 4139 1583 4210 φθόγγον
1601 4145 1656 4214 ἑξῆς
1670 4169 1720 4216 μι-

97 4236 278 4302 lerinensem
303 4229 391 4284 sivre
391 4222 534 4295 renituiseo
551 4246 682 4295 καομένην
761 4249 879 4298 σςακρος
894 4221 1308 4300 ,ρόςαλλήλουῦςουμφυυοοιυ
1294 4246 1359 4278 κατα
1341 4222 1623 4299 ἁτόδιατοσσοίραν,
1641 4229 1721 4287 medii

20 4368 43 4387 .,
97 4317 150 4374 duo
159 4312 383 4372 tetrachordorum
397 4313 464 4377 enni,
482 4309 544 4366 dnm
562 4314 672 4368 extremi
690 4313 800 4368 eandem
818 4311 889 4369 illem
907 4310 1037 4368 intervelli
1055 4309 1215 4367 diatessaron
1233 4311 1358 4366 rationem
1375 4329 1481 4388 semper
1496 4323 1610 4379 serrant,
1626 4317 1720 4382 varios,

97 4401 176 4461 ruodo
193 4401 321 4455 acutiores
338 4396 417 4453 modu
433 4397 565 4471 graviores
582 4398 713 4453 tensiones
731 4396 884 4476 accipiendo
901 4398 950 4452 tria
968 4394 1097 4452 melodias
1113 4415 1207 4471 genera
1231 4394 1394 4462 eiliciehant,
1418 4397 1531 4473 primum
1556 4398 1719 4469 diatonon,

97 4486 177 4567 quod,
195 4502 324 4558 agrarius
335 4492 448 4550 uentum
465 4479 630 4536 semitonium
648 4493 674 4538 et
691 4491 779 4538 tonum
797 4492 825 4538 rt
840 4491 928 4537 tonum
939 4480 1025 4544 hahet
1043 4478 1403 4548 alterumchromaticum,
1420 4479 1548 4561 quodper
1558 4482 1719 4559 dnosrogula

96 4573 232 4630 semitonia
256 4579 283 4623 et
303 4567 505 4628 triemitonium,
527 4564 640 4640 denique
660 4567 766 4623 tertium
788 4566 1018 4635 enarmonium,
1040 4564 1111 4642 quod
1134 4586 1182 4645 per
1198 4565 1264 4623 duas
1279 4564 1394 4641 singulus
1413 4563 1499 4623 dieses
1516 4576 1543 4622 et
1565 4567 1681 4626 ditonum
1703 4593 1717 4625 a

97 4659 168 4732 gravi
188 4657 214 4711 in
232 4661 335 4709 acutum
352 4650 574 4728 pmgredlehatur
609 4649 697 4707 [liceis
714 4654 782 4708 euim
801 4660 840 4708 est
858 4650 995 4708 dimidium
1012 4653 1158 4718 semitonii,
1178 4653 1234 4708 sire
1258 4661 1349 4729 quarm
1371 4670 1432 4730 pars
1448 4653 1512 4709 toni
1547 4651 1649 4726 Quodsi
1667 4653 1718 4713 hoc

96 4745 242 4805 minimum,
260 4737 293 4793 ah
310 4736 451 4792 hodiernae
469 4736 582 4792 musices
599 4753 647 4791 usu
664 4737 768 4791 omuino
786 4737 928 4794 abhorrens
953 4734 1116 4795 interuallum
1138 4739 1298 4815 praescripto
1322 4747 1398 4794 notee
1414 4735 1529 4816 simplici
1551 4755 1628 4794 cruce
1646 4739 1719 4809 (κ)

98 4828 240 4894 indicatur,
262 4822 332 4879 hune
350 4822 376 4877 in
393 4820 500 4879 modum
518 4823 565 4879 trin
583 4819 629 4876 illa
645 4819 774 4880 melodiae
792 4842 886 4897 genera
904 4822 972 4879 notis
988 4823 1185 4901 exprimuntur:
