4236 5580
23 350 194 589 a

1012 304 1067 390 12

221 524 339 612 Itaque,
363 520 416 610 qui
426 515 538 586 modus
554 518 587 585 in
608 519 768 607 aptissima
788 539 844 584 sua
859 515 900 583 ad
915 539 1108 586 communem
1135 530 1256 586 cantum
1276 521 1404 607 regione
1425 513 1515 586 c-c
1534 519 1695 586 Doriam
1717 523 1859 610 speciem

220 642 366 731 praebet,
396 649 428 706 et
453 662 491 705 ea
513 637 553 704 de
574 659 666 704 causa
689 637 799 704 eodem
822 639 892 724 ipso
915 640 1042 705 nomine
1063 639 1207 705 Dorius
1233 650 1377 719 vocatur,
1407 648 1492 704 recte
1513 640 1595 705 intra
1616 661 1715 706 sonos
1738 643 1770 705 F
1788 642 1865 723 ets

223 744 412 823 continetur3
440 742 493 829 qui
518 740 552 806 in
573 739 681 806 eadem
708 763 764 806 sua
790 740 920 826 regione
946 740 1052 821 c-E,
1081 739 1290 825 Phrygiam
1316 742 1453 807 alliciens
1479 743 1630 828 speciem,
1661 743 1724 809 hoc
1751 746 1860 832 ipsum

220 860 381 947 Phrygii
402 859 489 925 modi
505 880 620 925 nomen
640 858 715 925 inde
736 862 844 926 nactus
867 868 924 942 est,
947 866 1032 926 recte
1055 856 1151 924 habet
1173 857 1320 924 ambitum
1343 880 1430 924 suum
1453 859 1534 925 intra
1556 882 1655 926 sonos
1669 865 1698 926 0
1713 873 1745 929 ct
1764 848 1802 947 g,
1827 873 1860 929 et

219 965 265 1031 sic
286 985 384 1050 porro
405 962 525 1050 reliqui.
1708 1053 1752 1062 —

270 1142 274 1151 ¹
307 1067 449 1132 Ceterum
470 1073 554 1130 recte
575 1060 659 1127 dicat
680 1059 803 1149 aliquis,
826 1085 903 1150 quas
925 1073 1044 1152 septem
1067 1071 1196 1129 octavae
1217 1063 1339 1150 species
1361 1063 1442 1129 inter
1459 1073 1600 1130 octavam
1621 1073 1664 1132 eis
1679 1075 1753 1133 -cis
1778 1069 1859 1136 ideo

219 1190 279 1235 nos
301 1169 476 1256 posuimus,
499 1163 587 1254 quod
609 1164 749 1252 alioquin
770 1187 789 1230 a
812 1167 1006 1234 multitudine
1029 1164 1194 1233 commode
1217 1166 1286 1232 caui
1305 1186 1369 1229 uon
1391 1175 1531 1252 possent,
1555 1160 1607 1232 eas
1630 1190 1649 1233 a
1671 1168 1858 1239 Ptolemaeo

218 1272 300 1338 intra
322 1272 414 1336 Dorii
436 1270 575 1358 hypaten
596 1288 707 1332 meson
729 1276 761 1332 et
782 1278 875 1334 neten
898 1268 1143 1356 diezeugmenon
1164 1289 1231 1334 non
1251 1266 1359 1333 eadem
1381 1267 1436 1333 illa
1458 1267 1498 1334 dc
1520 1291 1613 1334 eausa
1635 1273 1755 1359 positas
1772 1297 1858 1358 esse,

219 1374 277 1441 sed
299 1374 372 1463 quia
392 1374 474 1438 hauc
495 1380 636 1437 octavam
659 1369 789 1456 siugulis
811 1372 999 1449 cantoribus,
1023 1373 1137 1460 quippe
1159 1370 1192 1435 in
1214 1369 1323 1436 mediis
1344 1392 1457 1436 vocum
1480 1372 1588 1458 spatiis
1611 1373 1710 1456 sitam,
1735 1375 1859 1445 diceret

218 1496 289 1543 esse
313 1474 605 1542 commodissimam.
648 1472 709 1539 Ille
730 1473 812 1538 enim
833 1474 1038 1540 melodiarum
1059 1497 1079 1540 a
1099 1471 1295 1540 multitudine
1321 1473 1529 1539 canendorum
1559 1474 1707 1557 ambitus,
1739 1479 1793 1566 qni
1819 1502 1858 1545 ea

218 1578 289 1668 ipsa
311 1577 351 1644 de
373 1600 465 1644 causa
487 1576 551 1642 illis
573 1576 666 1642 arcus
690 1575 802 1642 finibus
825 1575 1122 1643 circumscribendus
1143 1584 1224 1655 erat,
1257 1595 1297 1640 ue
1318 1577 1477 1661 maviores
1507 1598 1602 1641 rocas
1628 1579 1718 1645 nimis
1751 1591 1856 1663 acute,

217 1703 298 1749 neve
319 1681 473 1747 acutiores
495 1680 587 1746 nimis
608 1679 742 1763 graviter
763 1701 874 1746 canere
895 1690 1097 1765 cogerentur,
1126 1678 1234 1765 nequit
1255 1679 1399 1747 omnibus
1421 1678 1552 1764 siugulis
1579 1681 1856 1750 commodissimus

216 1782 266 1865 ud⁸
280 1781 454 1849 canendum
475 1803 555 1862 esse,
578 1778 636 1847 scd
657 1778 784 1845 aliarum
805 1802 917 1846 vocum
931 1802 1031 1869 paene
1047 1781 1258 1867 gravissimos,
1279 1779 1406 1848 aliarum
1426 1802 1525 1867 paene
1540 1783 1733 1850 acutissimos
1750 1808 1856 1854 sonos

215 1894 321 1971 tangat
350 1905 478 1950 necesse
508 1892 564 1948 est.
608 1882 718 1969 Itaque
745 1885 914 1969 quaeritur,
943 1883 1050 1971 quales
1077 1903 1173 1948 voces
1195 1881 1268 1947 illae
1290 1883 1367 1965 sint,
1397 1905 1524 1971 quarum
1552 1885 1684 1951 mediam
1712 1886 1856 1977 ideoque

215 1986 499 2053 commodissimam
529 1993 671 2051 octavam
694 1985 890 2059 Ptolemaeus
912 1987 994 2051 intra
1016 1984 1107 2051 Dorii
1129 1985 1267 2073 hypaten
1298 2006 1409 2051 meson
1437 1995 1469 2051 et
1490 1996 1582 2052 neten
1605 1987 1856 2076 diezeugmenon

216 2089 428 2157 collocaverit
472 2087 603 2154 Veteres
629 2088 774 2155 ambitum
804 2084 956 2155 humanae
986 2090 1074 2154 vocis
1103 2088 1183 2153 intra
1212 2089 1344 2176 spatium
1378 2086 1505 2152 duarum
1537 2100 1713 2156 octavarum
1743 2093 1856 2160 dicunt

215 2193 376 2259 contineri
421 2189 660 2258 Gaudentius
686 2212 717 2278 p.
741 2191 791 2255 12.
815 2195 887 2270 έκτη
909 2195 1212 2277 (consociaturi)
1240 2187 1278 2256 τὸ
1307 2191 1355 2268 δὶς
1381 2187 1435 2254 dsd
1463 2192 1594 2256 πασῶν·
1626 2191 1770 2260 δυνατόν
1789 2201 1856 2281 μὲν

215 2286 276 2362 οὖν
296 2297 353 2360 καὶ
374 2296 528 2368 πλείονας
548 2294 770 2373 ἐπινοηθῆναι
790 2296 990 2376 συμᾳωνέας,
1012 2295 1254 2376 συντιθεμένων
1276 2292 1402 2358 τούτων
1424 2289 1594 2373 ἀλλήλαις·
1621 2291 1688 2361 ἀλλ’
1703 2285 1705 2288 ’
1718 2295 1777 2362 οὐκ
1808 2294 1855 2364 όν

214 2392 375 2482 όυτοφέμοι
396 2391 458 2474 τὴν
478 2387 635 2459 τάσιντό
657 2392 800 2478 ὄργανα·
827 2389 909 2478 πρός
935 2392 994 2473 τὴν
1016 2391 1158 2478 δύναμιν
1185 2397 1298 2460 τοίνυν
1319 2395 1385 2459 τῶν
1410 2389 1560 2478 ὀργάνων
1591 2390 1613 2475 ri
1634 2397 1692 2477 τῆς
1717 2396 1853 2483 desipui.

214 2502 308 2576 πεὶας
329 2497 452 2581 ponde.
479 2494 512 2576 ἐξ
533 2487 578 2560 ὦν
605 2492 795 2560 ὑπόκεινται
818 2489 898 2577 ἡμῖν
924 2498 960 2559 αλ
986 2495 1091 2560 πᾶσαν
1118 2499 1315 2580 συμφωνίαι.
1360 2495 1635 2585 Nicomachus,
1662 2520 1692 2585 p.
1713 2502 1770 2565 20:
1800 2506 1853 2580 ὃὶς

216 2595 422 2666 διαπασῶν·
444 2633 486 2646 -
508 2597 668 2664 τοσοῦτον
689 2591 752 2681 γόρ
775 2592 796 2675 ἡ
819 2589 993 2680 ἐναγώνιος
1014 2591 1110 2680 φωνὴ
1132 2595 1190 2662 δια
1222 2593 1372 2682 ἰχωρὶς
1392 2596 1547 2664 κινδύνου
1570 2597 1658 2678 τινός
1675 2601 1694 2682 ἥ
1709 2599 1851 2686 ὀλισθή-

214 2725 333 2787 ματος,
353 2697 401 2789 ἐφ’
424 2695 577 2783 ἑκάτερον
597 2696 702 2781 depos
723 2698 948 2780 δυςέμπτωτος
968 2703 1137 2780 γινομένη,
1161 2702 1187 2763 al
1269 2696 1489 2784 ννοκκυσμὸν
1511 2697 1596 2766 κατὰ
1618 2700 1656 2767 τὸ
1679 2709 1852 2785 secundis,

215 2809 259 2881 cla
280 2804 315 2869 δέ
335 2805 454 2888 βηχέαν
474 2797 559 2866 κατὰ
580 2794 619 2866 cd
640 2800 901 2884 βομβυκέστερον
921 2798 984 2865 τῶν
1009 2795 1063 2864 ὑπ’
1086 2795 1200 2864 αὐτῶν.
1244 2799 1331 2865 Idem
1350 2821 1421 2887 pag.
1443 2803 1495 2867 35.
1516 2803 1851 2873 eandemsententiarn

215 2905 283 2973 aliis
311 2905 415 2973 verbis
438 2924 616 2989 expressum
644 2902 771 2991 profert
814 2900 1007 2967 Aristides
1036 2922 1070 2988 p
1088 2902 1146 2967 24:
1174 2896 1230 2966 διὰ
1253 2896 1292 2968 τό
1314 2909 1406 2988 μέχρι
1427 2903 1492 2969 τῶν
1513 2903 1636 2972 δώδεκα
1659 2905 1763 2974 τόνων
1785 2909 1852 2990 τόν

212 3006 328 3098 φωνὴν
348 3005 426 3091 ἡμῖν
451 3004 692 3090 ὑπηρετεῖσθαι.
737 3004 800 3082 Qui
821 3024 897 3068 vero
917 3005 1086 3091 scriptores
1108 3003 1257 3069 maiorem
1279 3003 1427 3071 ambitum
1449 3015 1602 3089 statuunt,
1624 3009 1647 3074 ii
1668 3011 1767 3075 minns
1789 3011 1851 3079 lru·

211 3131 333 3176 masam
354 3127 464 3174 uocem
486 3126 578 3193 quam
599 3105 802 3171 instrumenta
822 3115 981 3190 spectasse
1002 3103 1132 3191 putandi
1149 3114 1230 3186 sunt,
1252 3113 1287 3171 ut
1308 3106 1483 3174 Ariston
1503 3131 1535 3196 p.
1553 3112 1612 3176 20:
1634 3108 1717 3177 sacci
1730 3118 1852 3196 μέντοι

210 3207 270 3292 την
291 3208 448 3294 ἡμετέραν
467 3208 595 3293 χρῆσιν,
615 3207 711 3293 (λέγω
733 3203 765 3271 δ’
788 3202 947 3290 ἡμετέραν
969 3203 1030 3286 τήν
1050 3229 1084 3270 τε
1107 3203 1162 3271 dcci
1182 3205 1242 3286 τῆς
1258 3203 1441 3290 ἀνθρώπου
1464 3212 1576 3298 (γονῆς
1596 3219 1769 3298 γινομένην
1789 3224 1851 3284 καὶ

208 3307 268 3391 τὴν
290 3307 346 3376 διὰ
366 3312 430 3375 τῶν
451 3306 619 3391 ὀργάνων)
640 3311 794 3395 φαίνεταί
815 3332 846 3373 τι
866 3313 1019 3390 μέγιστον
1042 3304 1210 3373 εἶναιτῶν
1231 3309 1429 3391 συμηώνωυ·
1456 3313 1555 3379 τοῦτο
1585 3312 1615 3378 δ’
1639 3313 1763 3382 ἔστιτὸ
1786 3317 1847 3384 διὰ

208 3419 301 3481 πέντε
327 3416 382 3479 καὶ
419 3408 495 3499 [τό]
526 3411 574 3488 δὶς
606 3405 664 3476 dssl
691 3409 820 3476 πασῶν·
856 3410 916 3478 τοῦ
946 3407 1009 3496 γὰρ
1038 3412 1108 3494 τρὶς
1136 3407 1190 3475 διὰ
1225 3411 1340 3477 πασῶν
1372 3410 1476 3480 οὐκέτι
1509 3416 1720 3503 διατείνομεν.
1765 3419 1852 3486 ltcrn

284 3581 407 3590 ..----...

276 3664 365 3741 ἄλλοτε
383 3664 445 3745 ἄλλη
463 3668 570 3741 όννόμει
589 3667 712 3741 φθόγγου
728 3667 978 3742 κατονομαζόμενοτ,
996 3673 1021 3722 lx
1037 3669 1148 3736 τῆς-τοῖν
1165 3669 1252 3741 λιγεέῆς
1269 3669 1395 3740 φθόγγων
1418 3663 1577 3732 τλασλουθέας
1593 3670 1640 3742 cris
1655 3676 1701 3743 τῆς
1718 3671 1847 3744 ἁρμονίας

274 3752 400 3823 ποιότητα
421 3753 534 3827 φανερὰν
553 3759 675 3822 γενέσθαι
693 3759 833 3824 συμβαίνει.
871 3761 956 3827 Atque
973 3774 1004 3810 cr
1022 3758 1063 3810 isis
1081 3765 1211 3826 apparot,
1235 3762 1382 3826 quomodo,
1412 3761 1438 3812 si
1455 3763 1562 3813 cundem
1580 3771 1671 3813 notum
1690 3760 1728 3830 (a,
1748 3779 1845 3833 grosse

273 3828 310 3896 Ω
330 3838 371 3894 rel
392 3828 447 3907 R),
468 3861 538 3912 quus
560 3843 587 3895 in
605 3843 667 3895 uliis
684 3844 770 3895 modis
787 3844 870 3894 ulium
888 3843 977 3895 sosius
993 3843 1114 3911 gradum·
1129 3840 1243 3917 ᾴέατέ,
1268 3842 1339 3905 (nam
1360 3843 1385 3895 in
1406 3840 1556 3917 lippodorio
1576 3852 1618 3897 est
1634 3863 1719 3906 nurse,
1743 3846 1767 3898 in
1789 3843 1848 3912 lly-

273 3923 420 4003 pnplrrygio
438 3924 557 3981 liclrsnos
574 3944 673 3991 meson,
692 3925 718 3980 in
739 3922 888 4000 llppolydio
906 3934 1032 4001 parypate
1050 3942 1148 3990 meson,
1167 3927 1231 3984 cet-l
1250 3929 1355 3981 initium
1374 3938 1496 3992 torturae
1513 3929 1672 4003 specis-curui
1687 3927 1844 3995 suciamus.

273 4015 425 4076 erutione,
448 4032 503 4083 pus
522 4015 591 4066 lune
608 4031 702 4065 sonum
720 4012 803 4066 sstsri
819 4020 982 4081 sequuntur,
1004 4012 1159 4064 lsurmonius
1180 4010 1218 4074 ti.
1238 4028 1260 4062 e.
1285 4010 1375 4076 modi)
1399 4025 1500 4067 nutura
1516 4016 1605 4082 possit
1625 4015 1750 4082 intelligi.
1786 4013 1843 4068 cir.

275 4092 434 4151 llolttlsiss
453 4096 497 4151 lils.
516 4094 550 4150 V·
568 4115 591 4151 c.
611 4097 654 4151 lt:
674 4100 714 4151 lis
731 4100 862 4166 diapason
880 4097 969 4165 igitur
986 4096 1176 4148 consonantias
1192 4097 1329 4164 speciebus
1347 4100 1479 4152 assistunt
1498 4101 1546 4168 qui
1567 4102 1741 4168 appellantur
1759 4104 1840 4161 modi,

273 4197 340 4248 uuor
357 4186 461 4236 eosdem
479 4190 573 4251 tropos
591 4184 632 4236 osi
650 4191 727 4236 tonos
747 4183 899 4235 nominent..
928 4180 997 4234 Sunt
1015 4188 1105 4234 sutem
1124 4182 1197 4249 tropi
1214 4183 1420 4236 constitutiones
1443 4187 1529 4258 (quae
1552 4192 1590 4237 est
1610 4179 1701 4237 Latius
1721 4179 1842 4237 Graecae

277 4263 349 4318 nescis
372 4260 488 4333 σύστημα
511 4265 615 4332 vossio)
641 4267 667 4319 in
687 4269 752 4321 totis
769 4284 862 4319 sucum
881 4265 1035 4330 ordinibus,
1056 4268 1098 4319 oei
1122 4267 1269 4336 grauitate·
1285 4268 1327 4320 est
1348 4269 1468 4323 osismios
1490 4270 1652 4336 differentes.
1669 4295 1704 4307 -
1721 4296 1754 4307 -
1780 4270 1841 4326 Hos

272 4349 361 4418 igitur
379 4352 604 4416 constitutiones,
621 4352 647 4403 si
663 4353 723 4421 puis
746 4360 820 4406 totus
839 4352 928 4418 societ
946 4351 1082 4404 acutiores
1101 4354 1143 4405 osl
1156 4329 1188 4403 lu
1205 4352 1321 4421 grossius
1339 4360 1412 4405 tutus
1434 4354 1555 4408 remittat
1579 4357 1724 4408 seeundum
1741 4375 1841 4424 sapro-
1915 4420 1918 4433 Ι

273 4436 364 4489 dictus
384 4438 515 4506 όὶαμοιοπ
532 4439 721 4492 consonantias
738 4441 848 4506 speeies,
867 4435 966 4506 efficiet
985 4439 1074 4490 modos
1091 4445 1202 4505 septem,
1222 4451 1336 4503 quorum
1354 4439 1461 4491 nominc
1478 4448 1542 4492 sunt
1553 4442 1633 4493 ltocsr
1652 4440 1840 4512 Ilypsdorius,

271 4520 503 4594 lippoptrrygius,
523 4524 703 4593 llppslydius,
724 4524 837 4577 Durius,
858 4519 1012 4590 Phrygius,
1029 4521 1148 4591 Lydius,
1166 4520 1337 4589 llr'isolpdius.
1352 4520 1439 4597 x(lap.
1461 4523 1505 4576 15:
1526 4552 1560 4563 -
1578 4527 1632 4578 s'et
1647 4526 1774 4593 quonium
1791 4525 1840 4579 Iros

269 4608 360 4658 modos
377 4607 492 4660 dicimus
510 4608 537 4659 in
555 4608 691 4676 spscisdus
710 4609 841 4676 diapason
860 4605 1051 4659 consonantior
1069 4605 1198 4674 rsprsisi.
1223 4620 1277 4673 ogs
1295 4607 1398 4659 eosdem
1417 4611 1446 4660 iss
1462 4610 1596 4680 diatonico
1614 4618 1720 4663 tuntum
1737 4628 1842 4677 gessere

270 4693 463 4760 describamus,
489 4701 535 4753 ut,
558 4692 607 4760 qui
627 4711 718 4745 sorum
741 4693 806 4744 ordo
830 4692 880 4751 sit,
903 4690 953 4745 sni
976 4697 1114 4759 uspsctuns
1136 4689 1248 4749 surim,
1273 4690 1480 4759 intelligentium
1498 4712 1552 4746 non
1570 4703 1698 4751 moretur.
1734 4691 1840 4749 Deinde

269 4774 387 4850 sequitur
404 4773 494 4831 tabula
510 4784 569 4828 octo
594 4773 729 4830 nrrrdsrurn
748 4770 1014 4852 (llypcrruisolpdius
1036 4772 1105 4826 sonu
1124 4768 1229 4826 additus
1247 4777 1316 4842 cst),
1339 4776 1446 4830 musicis
1468 4775 1536 4830 nutis
1559 4795 1692 4852 ssprssss,
1715 4789 1839 4834 accuratu

271 4876 416 4928 crrngruens
433 4879 493 4916 cum
510 4879 551 4926 ss,
568 4877 647 4934 quam
665 4876 722 4935 pag.
742 4859 773 4913 11
791 4860 894 4934 scripsi.
