4236 5580
1026 297 1054 383 8

87 446 160 553 ss
223 504 289 575 Sed
315 502 356 570 ad
382 498 443 568 b'os
532 519 570 567 os
600 497 772 586 signandos
797 497 955 566 inferioris
983 506 1112 564 octavae
1138 503 1231 564 notas
1253 493 1345 562 boile
1367 493 1516 563 adhibere
1542 503 1712 584 putruerunt
1731 505 1869 582 veterem

223 606 340 677 additis
366 605 431 671 illis
455 508 600 691 gulis,
636 602 749 691 quibus
777 621 833 664 eos
862 599 896 663 in
923 601 1050 666 summis
1078 608 1238 667 acutorum
1266 597 1432 668 modorum
1460 599 1549 665 sonis
1576 621 1652 666 usos
1680 621 1752 667 csse
1777 599 1871 667 vide·

224 732 310 792 mus,
343 706 430 775 velut
460 705 493 772 in
526 703 650 771 duobus
680 703 806 771 summis
832 697 927 783 Lydii
956 699 1004 775 Μ’
1031 697 1077 768 Π’
1101 711 1133 770 et
1163 699 1188 775 l'
1207 699 1268 778 <'.
1322 701 1530 768 doctissimus
1560 701 1656 769 totius
1686 703 1871 785 systematis

224 834 321 882 sonus
348 831 424 878 sene
446 817 494 875 est
517 805 708 895 Hyperlydii
735 815 806 872 nete
827 800 1069 890 hyperbolaeon
1088 801 1151 878 U'
1170 798 1225 884 Z';
1255 801 1312 870 sed
1333 803 1413 869 nibil
1433 802 1657 892 impedimento
1680 813 1761 888 erat,
1791 804 1873 893 quin

224 916 318 983 etiem
343 909 498 1001 acutiores
526 909 597 974 soni
625 909 835 995 signarentur,
869 905 998 986 additis,
1033 904 1088 973 ubi
1114 904 1254 992 singulae
1278 905 1418 993 virgulae
1444 928 1510 973 non
1537 905 1729 990 sufficerent,
1762 903 1869 997 dupli·

209 1015 323 1085 cibus.
364 1010 552 1097 Exemplum
573 1008 667 1076 uideo
694 1010 726 1074 in
749 1007 899 1090 anonymi
926 1017 1057 1075 tractatu
1079 1008 1119 1075 de
1145 1008 1276 1089 musica,
1306 1020 1465 1077 asservato
1491 1009 1525 1074 in
1552 1009 1743 1076 monasterio
1765 1008 1869 1078 Esca·

225 1118 301 1186 risui
321 1136 423 1205 prope
443 1111 630 1191 Madritum,
654 1112 740 1177 cuius
762 1111 936 1197 fragmenta·
953 1110 1120 1190 nonnulla,
1145 1132 1164 1175 a
1185 1109 1345 1177 monachis
1366 1113 1400 1177 in
1420 1109 1580 1202 pellucida
1599 1109 1706 1178 charta
1728 1109 1869 1200 depicta,

225 1222 285 1289 viri
312 1215 527 1297 illustrissimi,
563 1215 617 1302 qui
645 1214 776 1280 Sueciae
802 1213 884 1299 regis
911 1211 1031 1299 legatus
1058 1210 1190 1278 Madriti
1218 1213 1325 1280 sedem
1354 1215 1463 1297 habet,
1500 1214 1636 1291 Gustevi
1663 1212 1705 1280 de
1729 1212 1871 1281 Lorichs

199 1322 399 1392 ,humanitas
425 1319 503 1384 milri
528 1316 746 1405 suppeditavit
786 1314 837 1382 lbi
860 1316 944 1383 enim
969 1316 1003 1384 in
1023 1313 1131 1383 tabula
1151 1315 1248 1398 Lydii
1271 1315 1358 1384 modi
1382 1339 1477 1406 supra
1502 1326 1596 1384 neten
1621 1313 1871 1404 hyperbolaeon

227 1424 253 1502 t‘
271 1422 324 1500 <'
345 1421 511 1502 adduntur,

336 1609 435 1693 Ὀξεῖα
456 1603 646 1692 παρόμοιος
792 1604 880 1688 ὀξεῖα
901 1610 994 1693 τρίτη
1107 1605 1195 1690 ὀξεῖα
1217 1611 1429 1693 συνημμένων
1564 1604 1656 1689 ὀξεῖα
1676 1603 1758 1700 νήτη

731 1722 819 1795 [adde
838 1724 1041 1797 διεζευγμένων]
1179 1723 1264 1795 [adde
1282 1723 1371 1797 νήτη]
1523 1723 1609 1793 [adde
1626 1723 1834 1796 διεζευγμένοι]

460 1857 552 1930 zt‘
841 1859 921 1933 ειι
1223 1858 1319 1929 υτ
1633 1828 1743 1935 οὐ),

319 1981 456 1995 —
871 1977 1597 1994 Μ

977 2119 1113 2132 -ι-
1500 2111 1504 2118 ’

152 2444 155 2455 Δ
227 2370 307 2439 quse
329 2365 438 2412 omnes
459 2339 569 2425 Lydii,
590 2349 768 2429 postremus
788 2341 841 2408 vel
863 2343 999 2409 omnium
1022 2351 1224 2426 systematum
1245 2342 1324 2410 fines
1346 2340 1554 2430 egrediuntur.

312 2530 437 2600 Deinde
457 2529 542 2595 idem
562 2526 714 2617 probatur
735 2528 812 2616 ipsis
833 2529 918 2594 notis
944 2529 1085 2610 musicis,
1114 2550 1257 2617 quarum,
1284 2551 1377 2619 quum
1400 2527 1481 2598 binis
1506 2527 1620 2615 singuli
1647 2528 1720 2595 soni
1740 2551 1760 2596 a
1779 2543 1868 2600 vete

226 2639 313 2709 ribus
336 2636 545 2722 signarentur,
574 2629 690 2696 alterae
717 2631 879 2718 superiore
905 2629 980 2697 loco
1010 2632 1133 2719 positae
1160 2641 1322 2801 οιιιξιιιιι
1349 2641 1452 2712 erant,
1483 2631 1599 2698 alterae
1623 2630 1704 2698 inira
1728 2635 1869 2722 scriptae

226 2747 509 2811 instrumentorum.
544 2732 624 2798 Illae
645 2742 718 2799 sunt
732 2733 840 2818 viginti
855 2742 988 2821 quatuor
1009 2732 1131 2800 litterae
1151 2733 1245 2823 alpllu
1268 2735 1350 2800 etico
1374 2733 1485 2800 ordine
1506 2733 1546 2801 ab
1563 2734 1752 2801 acutioribus
1774 2740 1868 2807 sonis

225 2849 260 2914 in
279 2843 440 2933 graviores
461 2833 698 2913 descendentes,
719 2857 809 2923 quae,
832 2856 925 2924 quum
948 2837 1048 2902 maior
1070 2859 1217 2904 sonorum
1238 2859 1312 2927 pars
1334 2836 1416 2904 binis
1430 2837 1482 2904 rel
1503 2839 1599 2904 ternis
1619 2839 1704 2905 notis
1720 2838 1868 2927 designa·

225 2958 326 3027 retur,
348 2948 402 3030 (ut
423 2937 508 3031 apud
528 2960 589 3004 nos
611 2937 695 3004 idem
717 2960 814 3004 sonus
836 2937 934 3004 modo
944 2945 996 3028 fis
1015 2950 1159 3024 vocatur,
1182 2941 1279 3009 modo
1301 2945 1376 3026 ges)
1398 2942 1489 3008 unius
1511 2962 1611 3027 paene
1633 2952 1761 3009 octavae
1784 2942 1867 3013 duo-

226 3049 328 3119 decim
355 3045 444 3110 sonis
472 3039 632 3126 signandis
655 3041 933 3122 consumebantur,
962 3041 1045 3107 unde
1066 3041 1180 3109 factum
1202 3054 1264 3123 est,
1292 3052 1326 3109 ιιι
1347 3042 1387 3108 ad
1412 3041 1554 3130 reliquos
1581 3043 1750 3131 signandos
1772 3064 1866 3116 novo

227 3147 396 3240 alphabeto
424 3164 504 3232 opus
536 3149 633 3220 esset,
667 3141 752 3227 quod
782 3140 966 3207 invertendo
996 3142 1046 3208 acl
1078 3141 1305 3231 distorquendo
1337 3142 1507 3211 litterarum
1539 3146 1652 3233 figuras
1683 3144 1867 3218 effecerunt.

225 3256 292 3323 Iam
306 3269 382 3317 vero
402 3254 451 3311 est
470 3252 722 3323 consentaneum,
746 3263 802 3307 eos
825 3263 933 3325 sonos,
958 3243 1069 3331 quibus
1091 3247 1272 3332 saepissime
1293 3256 1325 3313 et
1347 3246 1401 3313 diu
1421 3247 1556 3315 fortusse
1576 3250 1666 3315 unice
1686 3250 1865 3336 utebantur,

227 3378 284 3423 eos
305 3350 389 3432 dico,
412 3347 466 3436 qui
487 3344 550 3412 soli
571 3344 611 3412 ab
627 3345 765 3410 omnium
786 3344 946 3411 bominum
968 3345 1166 3414 multitudine
1188 3349 1378 3416 coniunctim
1400 3353 1470 3416 cani
1490 3361 1645 3439 poterant,
1668 3354 1866 3442 priusquam

227 3466 350 3525 ceteros
377 3447 634 3537 simplissimis,
624 3469 645 3513 ι.
665 3469 692 3513 e
720 3447 923 3534 incorruptis,
951 3447 1121 3516 litterarum
1145 3451 1253 3518 formis
1282 3453 1421 3538 signatos
1447 3454 1552 3520 fuisse.
1612 3455 1699 3534 Quid
1723 3457 1786 3523 boc
1814 3482 1865 3526 ar·

227 3565 373 3649 gumento
402 3551 564 3629 efficiatur,
592 3570 633 3615 ex
662 3571 723 3614 unu
743 3548 839 3634 Lydii
860 3549 948 3616 modi
973 3551 1059 3618 scala
1085 3554 1161 3636 satis
1186 3554 1318 3640 intelligi
1339 3565 1454 3644 potest
1509 3557 1695 3624 Accuratam
1716 3559 1797 3626 eninr
1822 3562 1865 3631 de

226 3670 365 3730 veterum
385 3655 471 3722 ιιοιὶτ
493 3651 618 3717 musicis
634 3649 807 3717 doctrinam
828 3652 880 3718 hic
897 3664 1071 3741 praetereo,
1093 3676 1186 3743 quum
1206 3659 1298 3724 nimis
1315 3657 1412 3743 longa
1430 3680 1466 3723 eu
1481 3659 1531 3743 sit,
1554 3669 1586 3726 et
1601 3670 1744 3727 notarum
1760 3663 1865 3732 maior

225 3801 300 3872 pars
321 3777 361 3844 ab
384 3774 490 3864 operis
511 3769 625 3838 excudi
646 3780 789 3857 nequeat
831 3772 960 3839 Vides'
950 3795 984 3839 m
1006 3773 1110 3858 Lydia
1131 3775 1226 3858 scala,
1249 3797 1329 3864 quac
1350 3797 1420 3864 pag.
1433 3779 1454 3841 4
1476 3778 1593 3867 scripta
1614 3789 1670 3860 est,
1691 3801 1805 3847 sonum
1830 3784 1863 3868 d,

227 3884 342 3973 quique
367 3901 437 3945 eum
464 3885 635 3963 sequuntur
662 3874 831 3955 acutiores,
860 3884 891 3940 ct
917 3876 1032 3963 pariter
1060 3899 1172 3945 sonum
1199 3903 1231 3958 c,
1261 3880 1376 3967 quique
1396 3901 1466 3945 eum
1493 3884 1652 3966 graviores
1679 3893 1863 3973 sequuntur,

226 3984 357 4052 inversis
383 3990 437 4047 aut
465 3978 621 4065 corruptis
649 3975 794 4042 litteris
786 3997 818 4040 m
845 3979 1006 4063 superiore
1032 3989 1176 4046 notarum
1203 3981 1284 4046 serie
1310 3983 1450 4067 signatos
1477 4005 1555 4050 esse
1613 3985 1736 4074 ltaque,
1766 4009 1864 4075 quum

226 4123 325 4172 sonus
351 4125 368 4165 c
392 4099 426 4164 in
452 4097 583 4164 aliorum
610 4094 777 4162 modorum
803 4093 896 4160 scalis
923 4094 1026 4161 littera
1056 4097 1088 4172 Ω
1120 4119 1246 4185 qnoque
1277 4100 1430 4185 signetur,
1465 4109 1496 4166 et
1523 4123 1606 4170 sono
1634 4111 1677 4171 cis
1704 4104 1771 4172 sius
1796 4113 1863 4189 des,

227 4222 282 4311 qui
302 4216 418 4284 ἱ11ιιιιι
409 4237 533 4283 inversa
552 4214 654 4282 littera
678 4213 713 4289 Ω
736 4214 888 4297 signatum
909 4236 1021 4280 sonum
1043 4215 1065 4280 d
1085 4216 1253 4305 praecedit,
1276 4227 1379 4284 rectae
1400 4217 1521 4286 litterae
1535 4221 1566 4286 A
1580 4222 1653 4289 etB
1676 4223 1862 4311 tribuantur,

227 4330 357 4414 apparet
376 4318 469 4386 rectis
490 4317 588 4385 totius
609 4316 769 4406 alphabeti
788 4316 899 4384 litteris
922 4317 1076 4385 contineri
1096 4317 1209 4387 horum
1230 4341 1381 4393 sonorum
1403 4323 1565 4394 ambitum:

228 4528 426 4542 -u—-—-—·

294 4676 478 4746 ὅττῦσιτρίττ
479 4692 590 4732 οονιος
575 4665 766 4733 dichemue
716 4669 831 4744 apocri
868 4694 915 4727 ιυο
900 4669 1018 4728 iudici
987 4695 1076 4736 ιτιτνιος
1091 4672 1204 4748 βαρύτατ
1172 4696 1235 4730 ατο
1221 4675 1340 4748 νμιῖζιτν
1327 4672 1389 4731 scir
1405 4697 1521 4747 τιοιηοιτε
1541 4698 1589 4735 του
1578 4679 1732 4750 ῥηθέντος
1749 4683 1862 4755 διαστή-

293 4776 420 4834 pamm
403 4751 575 4813 ταῦτότιαδι
544 4754 928 4830 τιαττὸιτνῐαιδςφημιτιροῦπ
877 4756 1007 4830 ντιὸαρς
998 4755 1328 4833 ’νόοδρςφνηντιιιἼνιιτθ
1330 4759 1487 4819 νΟθεντι
1488 4768 1639 4818 οὶτιαττινοε
1612 4772 1743 4820 oum
1709 4763 1863 4837 ττὶεμγτὶλτι
1924 4822 1941 4843 .

293 4847 344 4900 ὅτ
365 4839 520 4915 coppim
541 4845 568 4896 is
553 4843 811 4915 sdmpspouuoru
778 4839 1004 4915 stipulatores
972 4843 1194 4917 mldmpepc'm
1196 4853 1327 4921 νμέιρον
1330 4785 1475 4920 'semegem
1475 4869 1552 4919 τιτημι
1575 4845 1711 4904 durau
1697 4847 1864 4923 τότρὶιδιτὶ

295 4948 384 4985 τιτιοον
400 4935 545 5000 συμφωνεῖ,
561 4929 605 4981 sal
620 4921 841 5000 ciampinium
810 4930 853 4980 sul
870 4925 1013 4999 ιόμιῖζον.
