4236 5580
1149 276 1207 362 44

322 509 324 512 ⁴
367 497 513 575 expositam
531 503 584 557 est,
605 489 747 548 maioribus
765 488 834 545 netis
851 505 990 561 expresses
1007 494 1125 542 vetustos
1144 484 1307 543 Graecumue
1326 481 1419 539 medes
1437 483 1493 540 sire
1511 491 1618 539 octavae
1640 484 1745 562 species
1764 484 1895 552 continet,
1920 493 2014 541 centn

367 582 429 638 tetis
452 578 528 636 lineis
550 575 717 650 cognomines
738 570 791 628 illis
818 583 920 649 septem
950 571 1103 626 recentioris
1126 569 1277 645 systematis
1303 565 1404 624 medes.
1450 567 1525 641 Quae
1553 577 1690 646 praetem
1719 569 1745 624 in
1768 567 1862 624 dextre
1894 570 2015 644 margine

368 664 470 722 adiecta
496 664 592 740 cuique
619 659 719 736 speciei
746 667 807 714 sant
829 655 973 712 litterarum
1001 658 1073 732 paria
1103 656 1146 723 (nt
1167 674 1232 718 a-s,
1255 683 1289 694 -
1306 653 1383 727 gg),
1407 672 1437 707 es
1461 670 1551 707 corum
1577 671 1699 708 senorum
1729 653 1857 711 ambitum
1887 653 2016 721 indicant,

369 749 414 826 qui
431 750 459 804 in
483 744 554 804 scala
577 743 699 799 omnibus
722 741 903 805 chromaticis,
928 749 958 797 ut
980 756 1118 800 voramus,
1145 737 1226 810 siguis
1251 734 1389 804 destituta,
1419 736 1530 794 eandem
1555 738 1672 814 speciem
1701 736 1828 795 efficiunt.
1872 736 1912 794 Ee
1941 740 2015 795 caim

370 831 479 890 consilio
497 851 527 885 es
546 827 689 906 adscripsi,
712 837 741 883 ut
758 825 805 882 bas
824 825 954 883 inferioris
971 821 1076 879 tabulae
1093 821 1197 898 species
1216 839 1275 875 cum
1294 821 1339 885 iis,
1362 839 1429 895 quae
1446 822 1473 876 in
1496 823 1631 898 superiore
1655 820 1744 878 tabula
1767 821 1918 901 descriptae
1941 832 2015 894 sant,

368 915 446 974 lacile
464 934 556 994 posses
574 931 731 989 comparare.
766 910 905 968 Medorum
923 907 1078 966 recentioris
1096 907 1246 979 systematis
1265 903 1426 962 Graecorum
1448 924 1515 960 nnus
1536 914 1637 960 tantum
1656 926 1670 960 a
1690 906 1857 963 Christianae
1881 905 2015 964 ecclesiae

369 1000 483 1059 aastcb
501 1008 618 1054 retentus
642 1006 694 1063 est,
716 997 760 1072 qni
784 995 849 1051 duas
866 994 1034 1073 llypederiae
1057 991 1156 1068 speciei
1178 999 1298 1057 octavas,
1328 999 1356 1045 ut
1378 1007 1469 1046 omnes
1489 991 1584 1055 ceteri,
1607 990 1861 1068 comprehendebat.
1898 990 1967 1049 Eum
1988 994 2016 1049 in

373 1083 462 1142 media
480 1085 559 1139 tetius
577 1079 682 1138 tabulae
704 1079 773 1137 linea
796 1080 939 1157 descripsi,
963 1075 1080 1133 Amullio
1098 1072 1169 1130 medi
1187 1076 1255 1129 notis
1274 1092 1440 1152 expressum,
1462 1093 1513 1129 nen
1535 1093 1586 1150 quo
1609 1095 1774 1132 commanem
1797 1076 1866 1132 banc
1883 1075 2018 1134 ecclesiae

374 1169 472 1226 scalam
500 1188 559 1224 cum
583 1167 744 1223 Graecorum
769 1162 855 1239 Lydio
878 1161 957 1220 modo
984 1160 1163 1225 concinuisse,
1190 1167 1217 1213 et
1238 1159 1376 1214 semitonio
1402 1156 1463 1214 inde
1490 1160 1632 1215 acutiorem
1656 1157 1785 1216 budierno
1808 1159 1913 1217 Amelli
1933 1161 2019 1219 luisse

375 1253 575 1312 contenderem,
602 1271 682 1325 qnam
704 1247 770 1305 nibil
792 1249 857 1304 certi
882 1247 932 1303 bac
954 1244 988 1301 de
1010 1264 1039 1299 re
1062 1243 1183 1299 cunstitui
1206 1243 1302 1319 pessit,
1334 1253 1363 1298 ut
1384 1262 1442 1320 pag
1466 1244 1483 1296 5
1508 1245 1658 1319 expositum
1682 1254 1737 1304 est,
1764 1244 1812 1301 sed
1836 1245 1895 1322 quia
1920 1245 2020 1301 iudea

370 1338 532 1396 Guidonis
559 1336 688 1391 bretiai
716 1333 875 1409 temporibus
898 1330 943 1389 ills
965 1329 1035 1386 scala
1056 1330 1152 1386 litteris
1168 1350 1197 1397 a,
1216 1332 1245 1396 b,
1267 1329 1296 1393 (i.
1314 1346 1336 1382 e.
1356 1330 1383 1392 bl
1401 1348 1429 1392 e,
1448 1332 1479 1394 d,
1505 1329 1669 1402 consignari
1690 1327 1801 1385 solebat.
1843 1329 1933 1404 Quum
1952 1349 2019 1387 vero

371 1435 475 1502 septem
494 1432 603 1478 octavae
620 1417 773 1496 speciebus,
797 1437 876 1496 sapra
898 1417 965 1473 banc
987 1434 1152 1471 commanem
1175 1411 1304 1469 ecclesiae
1329 1411 1429 1468 scalam
1454 1410 1608 1490 descriptis,
1631 1414 1734 1468 nemina
1753 1435 1767 1470 a
1786 1425 1876 1470 retere
1901 1414 2019 1472 ecclesia

374 1507 472 1564 tributa
496 1508 522 1561 in
546 1506 664 1571 sinistro,
695 1503 838 1559 recentiora
862 1502 888 1556 in
911 1499 1003 1556 dextre
1026 1501 1141 1575 margine
1165 1498 1344 1577 apposuerim,
1374 1496 1453 1555 iacils
1474 1495 1620 1570 intelliges,
1650 1517 1681 1552 ee
1704 1510 1792 1555 natam
1813 1519 1872 1556 esse
1896 1498 1971 1558 illam
1990 1504 2018 1558 in

375 1611 424 1650 usa
447 1592 580 1647 neminum
605 1588 807 1665 discrepantiam
830 1588 897 1642 inter
920 1585 1037 1641 Graecos
1060 1594 1086 1639 et
1109 1585 1268 1639 recentiores
1294 1583 1422 1652 musices,
1453 1581 1522 1658 qaod
1548 1601 1599 1636 nou
1629 1584 1814 1660 specierum
1845 1584 2018 1653 Graecarum,

375 1676 423 1732 sed
442 1674 608 1731 mederum
632 1672 857 1728 recentiorum
880 1672 984 1725 nomina
1004 1671 1059 1725 suis
1076 1668 1217 1742 speciebus
1233 1666 1262 1723 hi
1280 1666 1440 1727 tribuerunt,
1465 1684 1524 1721 cuna
1543 1667 1690 1723 tunsionum
1714 1667 1847 1736 ordinem,
1870 1689 1922 1745 que
1945 1680 2019 1726 ecta·

374 1780 422 1817 sae
445 1761 551 1840 speeies
574 1760 600 1814 in
623 1777 700 1813 unam
723 1755 879 1811 diatonicam
904 1752 1003 1810 scalam
1026 1755 1179 1809 coniunctae
1202 1770 1260 1807 sese
1283 1753 1430 1828 excipiunt,
1458 1770 1517 1806 cum
1542 1749 1589 1806 illo
1612 1750 1703 1808 ordine
1732 1751 1935 1820 conlaudentes,
1964 1775 2018 1830 qno

371 1847 531 1902 recentiores
548 1840 631 1907 medi,
649 1843 674 1897 in
693 1860 770 1897 unam
789 1838 966 1916 llypederlam
985 1839 1101 1916 speciem
1121 1835 1233 1904 redacti,
1253 1856 1266 1891 a
1284 1838 1437 1909 gravissime
1456 1833 1489 1891 ed
1508 1837 1686 1891 acutissimam
1704 1836 1876 1894 adscendunt.
1915 1839 2019 1915 ltaque,
2093 1871 2108 1895 ο

373 1950 453 2008 qaam
472 1927 511 1985 illi
528 1929 580 2005 ipsi
597 1925 629 1981 ab
648 1926 761 2000 antiquis
778 1925 804 1979 in
821 1942 900 1980 unam
919 1926 1065 1980 tensionem
1084 1921 1198 1977 redactis
1214 1921 1355 1994 speciebus
1373 1920 1544 1986 denominati,
1570 1922 1701 1978 inversum
1717 1919 1770 1977 illis
1783 1921 1903 1979 ordinem
1922 1944 2019 2002 seque·

374 2024 477 2084 rentur,
508 2013 668 2069 recentiores
686 2028 790 2087 qnoque
807 2011 910 2086 species
929 2008 1087 2065 centrarium
1109 2007 1243 2063 veteribus
1264 2003 1413 2063 numinibus
1435 2005 1554 2087 ordinem
1576 2015 1750 2084 acceperunt,
1778 2015 1805 2062 et
1822 2005 1905 2063 Duria
1924 2020 2018 2065 vocata

377 2110 430 2168 est,
454 2119 520 2176 qnae
538 2097 673 2155 veteribus
691 2104 746 2151 erat
764 2092 888 2167 Phrygia,
909 2094 1021 2168 Phrygia
1039 2112 1106 2169 qnae
1127 2091 1222 2155 Doris,
1243 2088 1385 2164 bliaelydis
1409 2110 1476 2166 qnae
1493 2088 1693 2169 llypepbrygis,
1710 2099 1738 2145 et
1754 2091 1793 2146 sic
1811 2101 1923 2147 ceterae.
1958 2093 2019 2149 Nea

376 2182 469 2240 inatile
488 2184 538 2239 erit
556 2178 736 2247 llucbaldi,
757 2181 803 2255 qui
820 2181 926 2258 scripsit
943 2181 1050 2235 ineunte
1067 2175 1173 2233 saecule
1192 2175 1310 2242 decime,
1334 2175 1420 2231 lucum
1438 2175 1544 2244 allerre,
1569 2173 1614 2230 ubi
1636 2177 1744 2230 retentis
1762 2174 1875 2233 Graccis
1890 2196 2017 2235 seueram

372 2268 523 2324 nominibus
541 2286 635 2323 recens
654 2265 802 2342 specierum
819 2265 953 2320 neminum
972 2283 1034 2320 usus
1052 2261 1213 2339 explicatum
1230 2259 1291 2317 vide
1310 2258 1461 2316 Gerbert.
1480 2261 1571 2339 script.
1590 2259 1655 2314 eccl.
1672 2269 1734 2314 tem.
1754 2260 1776 2329 l,
1793 2281 1851 2339 pag.
1870 2263 1936 2318 1272
1954 2267 2018 2320 Erit

372 2370 454 2424 erga,
477 2352 575 2427 inquit,
598 2353 702 2420 primus
725 2353 818 2403 naudus
844 2351 959 2404 omniane
980 2350 1161 2420 grauissimus
1179 2349 1353 2417 Hypederias
1376 2366 1407 2402 es
1423 2347 1512 2416 prima
1530 2347 1617 2414 specie
1639 2348 1783 2416 diapason,
1806 2356 1833 2402 et
1852 2351 2017 2404 terminatur

375 2456 417 2503 eo,
436 2437 485 2505 qui
502 2454 584 2489 merea
603 2437 716 2500 dicitur,
735 2436 820 2488 aredio
838 2453 927 2488 neruo.
963 2436 1114 2488 Secundam
1132 2435 1238 2486 modum
1255 2431 1485 2503 Hypepbrygium
1502 2434 1620 2486 secunda
1643 2435 1744 2501 species
1766 2435 1899 2502 diapason
1924 2436 2017 2504 efficit,

373 2541 444 2592 qaae
470 2522 497 2573 in
522 2538 680 2588 paramesen
703 2521 779 2587 finit.
826 2521 947 2573 Tertium
972 2522 1078 2572 meduna
1101 2518 1286 2588 Hypelydiaaa
1313 2519 1397 2572 tertio
1419 2518 1521 2585 species
1549 2518 1681 2586 diapason
1707 2521 1870 2573 determinet
1895 2521 1924 2572 isa
1947 2536 2017 2587 essa,

374 2624 453 2676 quera
477 2615 574 2660 aucant
597 2607 680 2660 triten
703 2606 915 2675 diezeugmenon
936 2619 1056 2656 neroum.
1093 2605 1228 2669 Quartum
1251 2605 1357 2655 meduna
1375 2603 1491 2656 Deriuaa
1514 2610 1614 2672 qporta
1636 2604 1737 2672 species
1760 2605 1893 2673 diapasoa
1916 2606 2016 2672 reddit,

374 2711 443 2763 quos
461 2693 527 2760 finit
551 2694 578 2744 in
600 2698 735 2758 paranete
757 2691 977 2760 dieseugaraeaea.
1022 2687 1140 2756 Quintus
1162 2690 1256 2740 medua
1279 2690 1418 2758 Pbrygiae
1446 2688 1543 2756 quieta
1570 2689 1657 2756 speeie
1680 2690 1812 2757 diapasoa
1831 2693 1945 2760 struitur,
1971 2691 2020 2744 eui

373 2785 435 2833 asts
461 2777 671 2846 diezeugmenon
693 2793 793 2830 neruus
815 2782 856 2828 est
885 2774 1004 2828 ultimus.
1045 2774 1155 2828 Sestum
1180 2773 1354 2826 nibilominus
1380 2774 1487 2826 medana
1512 2774 1627 2843 lydium
1654 2781 1730 2827 aesta
1756 2776 1859 2842 species
1885 2777 2018 2844 diapasoa

373 2864 475 2927 escrit,
499 2863 544 2914 cui
565 2863 632 2915 trite
654 2861 849 2929 hyperbolaeon
871 2868 911 2914 eat
930 2860 1004 2928 fiais.
1040 2859 1189 2927 Septimum
1211 2876 1316 2927 quoque
1344 2860 1463 2924 medam,
1487 2859 1676 2929 btieoiydiaem
1702 2861 1817 2928 septima
1840 2863 1942 2930 species
1958 2863 2019 2916 dia-

371 2963 459 3018 pasoa
476 2948 621 3012 informem
643 2964 702 2999 euna
722 2954 855 3015 paranete
878 2945 1071 3017 hyperbolaeon
1095 2945 1264 2998 determinet.
1305 2941 1381 3015 Quae
1405 2940 1511 2998 Guide
1534 2940 1703 3009 brutinus,
1725 2944 1917 3000 recentioribus
1938 2963 2019 3000 sono-

371 3049 430 3089 ram
455 3028 605 3085 nominibus
627 3038 716 3095 utens,
743 3028 812 3084 bunc
841 3030 868 3083 ia
889 3026 997 3084 modum
1020 3029 1161 3104 expressit,
1188 3025 1339 3083 Gerbert
1361 3026 1450 3103 script.
1478 3025 1575 3085 eccles.
1602 3036 1665 3083 tem.
1689 3025 1731 3095 ll,
1758 3046 1816 3105 pag.
1836 3028 1883 3082 bd:
1910 3032 2021 3085 Heraea

370 3119 477 3188 pristas
495 3117 671 3183 Hypaderius
693 3121 821 3168 cantatae
839 3115 872 3167 ab
890 3115 918 3166 A
936 3116 964 3167 ia
981 3133 1015 3177 e,·
1041 3117 1173 3168 secundas
1191 3113 1408 3182 Hypopbrygius
1430 3113 1464 3165 ab
1488 3115 1511 3167 B
1534 3116 1562 3167 ia
1588 3107 1626 3186 br
1653 3116 1754 3168 tertius
1772 3116 1937 3184 lippoiydias
1955 3133 1974 3167 a
1999 3118 2023 3172 G

372 3202 402 3254 ias
418 3219 450 3263 o,·
476 3208 592 3268 paartaa
618 3199 856 3268 Hypemiaolydius
877 3200 939 3250 all
965 3200 994 3250 ia
1011 3200 1044 3259 de
1070 3198 1177 3250 Dorias
1199 3198 1264 3250 iteas
1288 3199 1462 3251 autbertieua
1484 3217 1501 3252 a
1519 3200 1550 3252 D
1567 3201 1595 3253 ia
1617 3202 1652 3262 d,-
1679 3200 1819 3271 Pbrygiae
1839 3200 1872 3253 ob
1891 3202 1916 3253 tt
1938 3202 1968 3253 in
1989 3219 2021 3265 s,·

373 3281 479 3356 Lydius
501 3285 535 3337 ab
560 3284 586 3336 F
604 3283 632 3335 ia
651 3286 684 3349 J,-
715 3283 874 3352 bliautydiaa
898 3299 917 3334 o
940 3283 964 3334 (ι’
987 3283 1015 3334 ia
1036 3298 1067 3350 g.
1112 3281 1199 3356 btqna
1222 3277 1314 3334 beram
1341 3278 1477 3336 modemm
1505 3280 1550 3336 elii
1578 3280 1743 3346 autberti,
1773 3284 1831 3338 sies
1859 3280 2021 3350 auctorales,

372 3367 430 3423 sire
452 3366 567 3440 magistri
589 3374 660 3429 sunt,
684 3362 727 3419 alii
752 3364 866 3441 plagii,
889 3365 946 3419 sire
968 3361 1131 3438 sublegales,
1159 3364 1216 3419 sive
1239 3361 1372 3432 laterales,
1400 3365 1457 3420 aies
1484 3364 1598 3442 obliqui,
1623 3368 1680 3423 sive
1703 3365 1842 3446 discipuli3
1867 3387 1935 3443 quae
1963 3367 2021 3426 dae

372 3469 467 3528 genera
490 3450 603 3507 dirersis
624 3441 768 3505 rationibus
790 3451 857 3505 iuter
878 3468 908 3504 se
932 3446 1069 3516 differant,
1100 3447 1196 3525 quibus
1218 3446 1306 3503 scalae
1328 3468 1362 3504 ex
1384 3447 1529 3506 intervallis
1553 3451 1715 3508 diatessaron
1739 3461 1766 3508 et
1791 3450 1915 3529 diapente
1943 3471 2019 3509 com·

372 3546 511 3614 ponantur·
546 3533 614 3591 Nam
631 3537 804 3605 subiugatur,
824 3543 852 3590 at
869 3535 905 3589 sit
923 3531 1030 3589 Guide
1047 3532 1202 3590 bretinas
1219 3532 1237 3589 l.
1256 3531 1274 3590 l.
1292 3552 1350 3609 pag.
1368 3535 1410 3600 59,
1428 3536 1599 3592 diatessaron
1615 3541 1698 3606 insen,
1715 3541 1843 3609 diapente
1854 3557 1948 3609 sopra,
1967 3558 2027 3595 ass·-

374 3623 487 3677 tbeatici
506 3630 597 3675 autem
616 3622 742 3689 diapente
758 3621 841 3688 iasra,
857 3622 1027 3674 diatessaron
1045 3617 1143 3674 babeat
1160 3637 1260 3689 supra,
1277 3629 1306 3674 ut
1319 3617 1500 3695 Hypederins,
1517 3622 1561 3697 qai
1577 3631 1618 3678 est
1634 3619 1746 3700 plagius,
1762 3632 1865 3679 constet
1878 3642 1912 3680 ex
1925 3633 2020 3699 quarta

373 3709 432 3761 a·d
448 3714 474 3760 et
494 3724 528 3760 ex
546 3705 634 3779 quinta
653 3708 724 3769 d·a,
741 3702 846 3769 Dorias,
867 3704 911 3780 qui
930 3714 970 3758 est
983 3700 1130 3768 sutbcntas,
1148 3721 1183 3759 ea
1200 3703 1288 3779 quinta
1307 3707 1441 3760 dacter
1453 3716 1544 3781 quarta
1557 3711 1622 3761 Μ.
1656 3704 2021 3781 botbentiigitnrtransitam

374 3788 473 3846 iaciant
490 3790 516 3844 in
538 3788 633 3853 alium,
652 3786 790 3845 intervallo
807 3787 970 3845 diatessaron
987 3787 1145 3862 graviorem,
1163 3786 1206 3843 rel
1226 3786 1348 3866 diapente
1366 3790 1507 3845 acutiorem
1526 3788 1647 3855 medam;
1672 3789 1753 3867 plagii
1769 3789 1809 3846 illi
1826 3792 1877 3869 ipsi
1892 3802 1968 3861 suat,
1991 3794 2021 3850 in

374 3893 441 3951 ques
468 3872 536 3930 tales
563 3875 687 3930 transitus
711 3872 790 3939 fiant,
816 3872 887 3928 undo
912 3872 964 3950 ipsi
992 3891 1042 3927 aon
1067 3873 1094 3926 in
1117 3871 1254 3949 diapente,
1283 3871 1332 3929 scd
1361 3875 1387 3929 in
1414 3874 1574 3930 diatessaron
1602 3873 1740 3929 intervallo
1768 3878 1897 3933 acutiores
1923 3878 2022 3936 modes

374 3967 518 4016 beamont.
554 3957 593 4015 lta
617 3958 734 4016 autbenti
753 3957 828 4014 Darii
847 3957 1015 4035 llypedorius
1035 3957 1138 4032 plagius
1161 3968 1214 4023 est,
1237 3955 1343 4033 Pbrygii
1365 3956 1581 4036 llypepbrygius,
1603 3955 1682 4032 Lydii
1705 3957 1878 4037 Hypolydius.
1919 3960 2022 4020 Dorias

374 4061 451 4110 sero,
473 4063 554 4119 qaam
577 4043 693 4101 medinm
715 4044 832 4100 emnium
855 4041 943 4098 lecum
961 4051 1053 4097 tenens
1070 4060 1121 4097 aea
1138 4038 1223 4097 selam
1246 4039 1387 4097 authentus
1404 4040 1563 4120 Hypedorii,
1587 4042 1634 4100 sed
1658 4043 1736 4100 etiam
1758 4043 1861 4122 plagius
1877 4044 2020 4121 ldixelydii

375 4135 461 4190 esset,
485 4125 724 4204 llypemixelydius
742 4138 770 4184 et
787 4128 843 4205 ipse
861 4136 970 4184 vocatas
987 4135 1041 4194 est,
1063 4124 1134 4182 ando
1151 4135 1211 4181 octo
1228 4128 1327 4182 votens
1349 4124 1478 4183 ecclesiae
1501 4127 1573 4184 medi
1594 4129 1647 4184 nati
1669 4139 1743 4198 sant,
1765 4148 1831 4206 quos
1854 4133 2019 4191 recentiores

375 4213 410 4269 ad
433 4209 574 4267 duedecim
598 4211 658 4269 illes
680 4213 707 4268 in
729 4209 822 4268 deatro
844 4209 950 4268 tabulae
971 4211 1088 4285 margine
1109 4211 1253 4267 recensitos
1275 4223 1410 4270 suxerunt.
1446 4211 1550 4269 Etenim
1575 4223 1722 4271 ceterarum
1744 4233 1850 4291 qneqae
1871 4214 2021 4294 plagioran

376 4295 442 4362 dae,
466 4293 632 4371 llypelydias
657 4304 684 4351 et
706 4293 885 4373 Hypoderius,
907 4314 989 4373 qaam
1010 4314 1062 4351 aea
1084 4293 1170 4352 solem
1192 4297 1220 4352 ia
1241 4295 1380 4354 antbeatea
1400 4316 1474 4366 snos,
1498 4295 1612 4373 Lydium
1635 4309 1663 4356 et
1679 4299 1802 4367 Dorium,
1824 4298 1874 4355 sed
1892 4303 1974 4359 etism
1992 4303 2021 4359 in

375 4381 500 4460 diapente
524 4382 654 4438 acutiores
670 4377 844 4456 mixolydium
862 4388 889 4435 et
906 4379 1049 4455 Phrygium
1074 4380 1198 4447 transire,
1220 4390 1249 4437 et
1264 4380 1382 4439 aatbenti
1403 4380 1465 4439 iude
1488 4381 1546 4440 lieri
1567 4394 1687 4460 possent,
1710 4382 1894 4442 eatbenteram
1912 4389 2021 4444 aomina

376 4487 392 4524 a
415 4465 607 4524 recentioribus
634 4465 741 4520 musicis
767 4473 935 4543 acceperant
975 4463 1068 4540 ltaque
1091 4463 1290 4542 llypedorium,
1315 4467 1362 4522 ubi
1385 4465 1525 4524 antbentas
1551 4478 1620 4534 erat,
1645 4488 1676 4524 ee
1699 4469 1819 4535 somine,
1848 4465 1928 4546 qued*
1945 4472 2021 4550 apad

374 4560 479 4610 retem
497 4569 602 4629 quoqne
620 4546 771 4634 llypoderis
787 4551 893 4628 species
912 4547 1042 4617 babebat,
1061 4548 1199 4615 Aeoliam,
1215 4560 1242 4606 et
1258 4548 1373 4628 plagium
1392 4552 1449 4608 eius
1469 4551 1638 4628 (Phrygiam)
1656 4551 1846 4631 llypoaeuliasu
1864 4553 2022 4616 ideoseca·

375 4636 453 4706 beate
479 4644 568 4691 cantra
587 4631 780 4708 Hypolydiurn,
805 4632 851 4689 abi
869 4633 1008 4690 authentus
1025 4643 1095 4694 erat,
1114 4654 1146 4691 ee
1163 4643 1253 4692 retere
1270 4636 1387 4704 nomine,
1410 4638 1456 4714 qui
1472 4636 1545 4695 solua
1562 4637 1693 4702 restabat,
1716 4637 1833 4703 leniam,
1855 4649 1882 4695 et
1898 4640 2019 4719 plagin

376 4722 433 4778 sias
450 4717 655 4794 (llixolydiam)
674 4716 858 4795 llypeioaiam.
894 4716 1098 4797 llypeplarygius
1114 4739 1189 4789 rere,
1207 4721 1253 4798 qui
1271 4721 1298 4777 in
1315 4719 1452 4797 diapenta,
1470 4724 1569 4802 quippe
1587 4743 1639 4801 que
1656 4721 1794 4780 intervallo
1812 4735 1910 4792 careat,
1929 4737 2019 4787 bans·

376 4806 415 4865 irs
433 4806 536 4884 nequit,
559 4802 677 4864 antbonti
694 4819 790 4860 nornen
807 4822 859 4860 nen
877 4803 995 4880 accepit,
1017 4822 1104 4880 aeque
1120 4801 1223 4881 Lydius
1239 4803 1337 4884 plagii,
1359 4825 1440 4883 qaam
1462 4807 1490 4865 ia
1507 4807 1669 4867 diatessaron
1686 4806 1831 4867 accedere
1847 4829 1899 4868 aon
1916 4824 2021 4890 posset.
