4236 5580
659 2103 1310 2211 PRAEFATIO.

888 2387 1085 2397 ---...

168 2618 332 2745 Primus
359 2671 403 2746 de
430 2669 677 2771 scriptionibus
704 2669 768 2755 his,
795 2699 883 2772 quas
910 2701 929 2745 e
957 2670 1135 2750 codicibus
1160 2674 1196 2747 in
1222 2672 1338 2747 lucem
1363 2673 1433 2746 iam
1459 2674 1620 2771 profero,
1646 2688 1805 2748 accurate

170 2819 359 2925 disputavit
389 2825 565 2894 Marcus
591 2818 868 2894 Meibomius.
931 2823 1020 2917 Qui,
1056 2850 1169 2923 quum
1201 2849 1261 2894 eos
1292 2824 1329 2894 in
1362 2821 1483 2895 codice
1509 2822 1729 2924 Scaligerano
1762 2819 1806 2894 ad

172 2968 327 3046 edendos
354 2986 488 3072 septem
515 2967 666 3042 musicos
694 2997 712 3042 a
738 2998 775 3042 se
802 2967 958 3063 adbfflto
984 2970 1188 3059 invenisset,
1221 2988 1256 3045 et
1280 2968 1390 3044 multa
1415 2972 1568 3046 musicae
1594 2969 1807 3072 antiquitatis

168 3122 312 3224 hstigia
338 3120 373 3193 in
393 3119 433 3193 iis
454 3117 729 3194 animadvertere
754 3119 817 3194 sibi
841 3119 1028 3209 videretur,
1053 3120 1242 3196 editionem
1268 3147 1390 3195 earum
1416 3119 1604 3223 aliquando
1633 3122 1808 3196 facturum

171 3303 207 3348 se
233 3270 408 3376 pollicitus
434 3287 485 3343 est
511 3270 547 3343 in
575 3270 791 3372 praefatione
817 3268 860 3343 ad
887 3271 1065 3345 Bacchii
1092 3272 1278 3345 senioris
1304 3269 1599 3346 introductionem
1626 3273 1706 3346 artis
1731 3297 1809 3345 mu·

171 3425 273 3506 sicae,
302 3419 429 3496 editam
457 3449 549 3494 anno
578 3423 682 3495 1652.
735 3427 852 3520 Atque
876 3420 1124 3508 bleibominm,
1158 3423 1220 3496 etsi
1247 3423 1419 3524 promisso
1444 3422 1493 3495 illi
1519 3451 1592 3496 non
1619 3421 1728 3508 stetit,
1760 3437 1808 3494 ta·

170 3601 251 3646 men
283 3569 405 3645 sedulo
437 3586 692 3674 perscrutatum
728 3598 787 3643 eos
821 3598 895 3644 esse
926 3588 1086 3674 apparet,
1121 3601 1232 3673 quum
1266 3590 1301 3646 et
1334 3572 1459 3675 prioris
1485 3570 1575 3646 duos
1600 3570 1710 3658 locos,
1745 3569 1809 3672 qui

171 3723 394 3796 eontinentur
419 3719 630 3794 sectionibus
656 3723 679 3792 3
704 3737 738 3794 et
764 3724 830 3803 68,
857 3721 892 3793 in
920 3721 1137 3824 praefatione
1164 3722 1270 3797 totins
1296 3724 1348 3797 sni
1375 3724 1508 3826 operis,
1542 3723 1627 3797 alios
1651 3723 1688 3796 in
1714 3748 1809 3796 com·

170 3873 341 3947 mentario
369 3868 412 3945 ad
438 3871 773 3957 Aristoxenum,
805 3898 883 3973 pag.
902 3874 970 3958 86,
1005 3900 1101 3972 seqq.
1129 3874 1255 3973 passim
1281 3872 1442 3958 attulerit,
1470 3890 1504 3947 et
1527 3872 1683 3956 alterins,
1717 3896 1809 3972 quae

145 4021 418 4098 *estBacchii
443 4022 651 4117 pnioris,
691 4021 859 4096 maiorem
885 4038 1019 4123 partem
1046 4052 1127 4098 cum
1154 4023 1376 4098 Manuelis
1402 4023 1619 4120 Bryennii
1653 4017 1809 4122 quodam

171 4175 249 4248 loco
276 4200 471 4274 congruere
496 4190 590 4246 recte
615 4172 801 4245 monuerit.
853 4176 982 4272 Neque
1015 4190 1131 4248 tamen
1167 4175 1252 4247 baec
1279 4173 1389 4274 prima
1418 4190 1468 4247 est
1500 4173 1626 4248 barum
1653 4171 1811 4273 scriptio-

173 4353 257 4399 num
298 4323 448 4408 mentio,
502 4350 614 4424 qnnm
654 4321 757 4395 etiam
798 4338 877 4395 ante
918 4322 1153 4398 Meibomium
1193 4323 1410 4398 Henricus
1451 4321 1809 4424 Lindenbrogins

174 4475 208 4546 in
236 4472 458 4548 annotatione
485 4469 528 4544 ad
556 4472 789 4546 Censorini
815 4470 859 4546 de
886 4471 943 4546 die
970 4472 1072 4547 natali
1100 4491 1206 4575 caput
1234 4471 1426 4558 decimum,
1460 4473 1560 4548 cuius
1592 4474 1670 4548 libri
1697 4471 1809 4574 prima

174 4620 280 4696 editio
306 4621 436 4723 prodiit
463 4650 555 4695 anno
578 4625 686 4708 1614,
713 4624 800 4698 baec
825 4624 1014 4725 scripserit:
1058 4625 1171 4700 Alrits
1187 4639 1287 4699 vetus
1304 4625 1469 4699 musicus
1486 4649 1704 4724 anonymus
1716 4620 1809 4696 MS:

176 4771 332 4852 Μουσική
354 4781 441 4842 ἐστιν
463 4774 624 4861 ἐπιστήμη
647 4780 718 4861 περὶ
737 4781 834 4862 μέλος
855 4782 990 4853 τέλειον,
1013 4775 1195 4864 θεωρητική
1216 4802 1250 4844 τε
1272 4778 1336 4844 τῶν
1357 4785 1392 4845 ἐν
1413 4775 1497 4865 αἰτῇ
1517 4781 1569 4845 καὶ
1591 4787 1661 4854 τοῖς
1681 4780 1810 4860 μέρεσιν

174 4912 292 4994 αὐτῆς,
325 4904 381 4977 vel
406 4918 470 5001 Ιξις
496 4917 685 5005 θεωρητική
712 4943 746 4985 τε
773 4925 831 4990 καὶ
858 4920 1018 5010 πρακτικὴ
1043 4925 1098 4989 καὶ
1122 4919 1277 5003 ποιητικὴ
1302 4924 1367 4994 τῶν
1394 4925 1465 5005 περὶ
1492 4920 1531 4986 τὸ
1558 4923 1678 5020 ethroe
1702 4920 1808 5004 ptine,

1358 5142 1421 5195 ,Ψ
