4236 5580
1029 297 1085 384 13

984 410 1134 423 δ..-

240 510 388 577 Euclid.
411 532 442 598 p.
466 511 515 576 13.
535 511 740 599 -Apparet,
762 509 841 576 baec
862 510 905 577 de
925 512 1060 578 virorum
1082 510 1215 577 vocibus
1238 510 1320 576 dicta
1340 532 1420 592 esse,
1444 533 1510 577 non
1531 511 1629 577 modo
1652 511 1739 599 quod
1758 514 1873 601 scripta
1914 432 2008 605 ἡ..

248 612 327 679 haec
348 636 366 679 a
387 612 461 677 viris
483 611 635 692 suntsed
659 611 751 679 etiam
774 612 860 700 quod
883 615 1016 681 canendi
1037 624 1133 680 artem
1155 611 1238 701 apud
1260 624 1380 679 veteres
1404 616 1471 695 viri,
1503 634 1687 702 quamquam
1711 636 1776 680 non
1789 616 1871 698 soli,

243 736 319 803 prae
340 717 449 782 ceteris
471 727 573 781 tamen
595 714 793 794 exercebant,
817 714 901 781 velut
923 715 955 780 in
977 716 1106 782 theatris
1128 726 1160 781 et
1182 715 1265 781 alibi.
1308 715 1373 781 lam
1396 716 1584 804 inquiramus
1608 717 1639 780 in
1667 739 1762 783 voces
1791 718 1872 784 viro·

242 836 320 883 rum.
365 818 505 896 Quorum
527 817 626 882 maior
648 838 721 902 pars
742 815 870 882 duarum
894 806 1071 884 octavarum
1091 819 1223 905 spatium
1246 816 1437 885 modulando
1461 820 1592 886 transire
1608 821 1737 884 omnino
1752 821 1871 906 nequit,

241 921 303 986 nisi
323 919 414 1002 torte,
437 920 492 1008 qui
511 942 623 986 rocem
645 941 732 985 suam
753 921 796 985 ita
817 929 941 1001 vexant,
965 931 1086 988 utnon
1108 942 1127 987 e
1147 934 1276 1008 pectore
1298 920 1355 986 sed
1377 943 1396 986 e
1418 942 1598 1008 compressa
1622 923 1784 1009 superiore
1805 931 1870 1006 gnt-

242 1023 319 1090 turis
340 1033 428 1111 parte
449 1023 605 1088 acutiores
627 1044 726 1088 sonos
748 1022 860 1088 misere
881 1033 1100 1111 extorqueant,
1123 1024 1145 1088 ii
1163 1045 1275 1090 canere
1288 1022 1441 1089 dicuntur.
1486 1025 1630 1090 Attamen
1642 1033 1766 1090 exstant
1777 1043 1872 1089 voces

239 1125 378 1193 vironrm
400 1126 557 1212 egregiae,
589 1145 669 1211 quae
696 1123 776 1190 illud
799 1124 927 1190 duarum
950 1136 1127 1193 octavarum
1149 1124 1344 1192 intervallum
1366 1125 1560 1191 modulando
1583 1127 1712 1214 explere
1737 1126 1871 1213 possint,

241 1248 358 1316 eaeque
380 1228 413 1293 in
434 1227 527 1293 variis
549 1247 698 1292 sonorum
720 1227 909 1314 regionibus.
954 1232 1090 1312 Quarum
1114 1229 1209 1315 longe
1231 1228 1497 1315 frequentissimae
1519 1230 1551 1293 in
1564 1229 1673 1294 mediis
1691 1228 1873 1314 regionibus

240 1341 417 1409 versantur,
447 1350 541 1416 quum
571 1330 718 1395 acutioris
740 1331 844 1411 vocis,
876 1351 967 1417 quam
998 1334 1107 1399 Tenere
1133 1353 1294 1410 vocamus,
1324 1331 1422 1395 virum
1448 1332 1502 1396 vix
1530 1353 1623 1396 mmm
1651 1334 1731 1396 inter
1758 1330 1872 1396 multos

240 1435 377 1520 reperias
400 1431 530 1498 duanam
551 1440 727 1498 octavarum
750 1453 905 1520 capacem,
930 1453 1036 1499 eorum
1059 1444 1184 1514 eontra,
1207 1433 1270 1520 qui,
1294 1436 1385 1524 iturae·
1402 1432 1520 1514 vocati,
1543 1435 1576 1498 in
1597 1433 1796 1519 gravissimos
1819 1431 1872 1498 de-

241 1534 394 1602 scendere
423 1555 522 1600 sorios
549 1534 715 1601 commode
737 1547 885 1622 possunt,
916 1534 949 1599 in
976 1536 1115 1601 acutiore
1145 1535 1347 1623 disdiapason
1369 1535 1459 1624 pauci
1488 1556 1554 1601 nou
1583 1537 1645 1602 sint
1672 1546 1724 1601 aut
1751 1534 1872 1601 debiles

243 1648 295 1703 aut
318 1635 396 1701 duri.
439 1637 547 1724 ltaque
567 1648 650 1704 recte
673 1637 748 1702 mibi
769 1636 881 1704 uideor
903 1637 1109 1720 contendere,
1138 1637 1313 1725 quicunque
1333 1638 1391 1704 viri
1414 1660 1532 1704 sonora
1553 1662 1633 1705 voce
1660 1660 1717 1726 per
1743 1636 1873 1702 duarum

242 1749 419 1807 musarum
441 1740 573 1827 spatium
595 1739 749 1806 modulari
770 1741 904 1827 possint,
926 1761 1034 1807 eoram
1056 1739 1152 1825 longe
1168 1739 1319 1827 plurimos
1334 1741 1400 1806 eius
1414 1763 1484 1807 esse
1501 1744 1633 1828 generis,
1659 1743 1712 1830 qui
1727 1743 1875 1825 Berytene‘

240 1858 338 1925 hodie
359 1868 519 1925 vocantur.
564 1860 669 1947 Atque
691 1859 945 1926 horumvoeibus
967 1860 993 1924 si
1010 1857 1156 1923 ambitum
1170 1859 1249 1924 intra
1272 1860 1329 1924 Fa
1350 1869 1382 1924 et
1390 1844 1441 1946 fl]
1459 1860 1639 1940 tribuamus,
1663 1882 1728 1925 non
1744 1858 1872 1925 multum

239 1956 280 2031 ab
301 1983 357 2043 eo,
380 1961 433 2048 qui
455 1960 637 2049 plerumque
658 1961 691 2026 in
713 1961 751 2026 iis
777 1962 944 2049 reperitur,
972 1961 1225 2027 aberraverimus.
1271 1961 1371 2027 Porro
1394 1961 1420 2026 si
1443 1962 1580 2048 quaeris,
1609 1962 1701 2050 quale
1723 1961 1763 2026 sit
1792 1957 1872 2024 illud

239 2067 349 2133 unius
378 2075 506 2130 octavae
526 2064 674 2150 spatium,
704 2062 791 2151 quod
812 2086 831 2130 e
851 2074 921 2130 toto
944 2064 1032 2130 vocis
1054 2062 1169 2128 ambitu
1197 2062 1449 2130 commodissime
1470 2074 1582 2130 canant
1602 2061 1782 2130 huiusmodi
1803 2062 1870 2143 viri,

238 2169 273 2235 in
294 2165 397 2233 media
417 2165 483 2231 iere
504 2163 595 2231 huius
616 2165 749 2232 ambitus
771 2176 873 2253 parte,
901 2167 952 2232 vel
973 2167 1078 2255 potius
1104 2163 1211 2252 paullo
1234 2166 1376 2252 superius
1397 2164 1577 2253 ponendum
1598 2165 1678 2234 illud
1706 2166 1779 2246 erit;
1811 2184 1873 2251 qua

238 2307 274 2353 re
295 2285 349 2350 vix
371 2282 476 2370 possis
497 2283 599 2369 aptius
618 2285 750 2371 spatium
772 2285 918 2372 reperire,
941 2306 1033 2372 quam
1053 2285 1133 2350 intra
1153 2291 1197 2350 ete
1217 2294 1249 2350 et
1268 2270 1319 2351 αἶ
1364 2284 1453 2353 llaec
1480 2285 1571 2369 igitur
1594 2283 1649 2349 illa
1675 2296 1723 2351 est
1751 2294 1870 2362 cemus,
1903 2262 1913 2281 ⁴

238 2389 272 2453 in
299 2407 360 2475 qua
382 2384 580 2451 Ptolemaeus
610 2384 842 2473 ἐμφιλοχώρως
862 2387 978 2454 versari
1006 2385 1081 2452 dicit
1107 2408 1218 2452 vocem
1245 2387 1424 2468 bumanam3
1452 2386 1507 2453 ubi
1533 2409 1609 2453 vero
1635 2389 1784 2454 universo
1811 2405 1870 2452 suo

243 2504 371 2571 duarum
395 2515 570 2568 octavarum
594 2503 712 2570 ambitu
732 2526 796 2570 vox
819 2505 922 2585 utitur,
945 2504 1102 2571 Dorium
1125 2504 1252 2569 modum
1274 2505 1357 2571 canit
1378 2506 1459 2570 intra
1480 2528 1579 2571 sonos
1602 2509 1656 2572 ln
1676 2519 1709 2573 et
1718 2493 1783 2595 fii,
1818 2504 1871 2592 qui

238 2629 276 2674 ea
295 2608 365 2694 ipsa
386 2607 427 2672 de
448 2627 542 2671 causa
563 2608 700 2672 omnium
722 2609 899 2694 aptissimus
921 2606 1021 2673 videri
1043 2607 1188 2690 debebat,
1211 2629 1290 2695 quo,
1313 2603 1398 2674 κατὰ
1422 2611 1519 2674 θέσιν
1540 2608 1697 2692 adhibito,
1720 2629 1871 2675 sonorum

236 2711 397 2777 tensiones
419 2729 475 2794 per
495 2730 530 2773 se
552 2720 709 2795 spectatae
729 2710 794 2774 indi
922 2731 948 2774 r.

323 2811 501 2887 Praeterea,
530 2830 609 2895 quae
636 2810 677 2875 de
698 2811 789 2875 Dorii
810 2811 898 2875 modi
925 2811 1070 2876 tensione
1102 2811 1258 2898 ‹fisputata
1284 2810 1337 2875 hic
1364 2820 1452 2890 sunt,
1482 2811 1655 2896 probantur
1681 2811 1872 2876 Aristidis

239 2911 477 2994 Quintiliani
504 2909 578 2974 loco
605 2931 676 2998 pag.
704 2913 757 2976 2⁸.
800 2913 903 2991 Quem
930 2910 1089 2976 Mauuel
1116 2912 1348 2993 Brycnnius,
1377 2933 1470 2997 quum
1498 2933 1562 2978 non
1588 2911 1809 2990 intellexisset,
1837 2920 1870 2976 ut

236 3015 370 3082 alienum
398 3012 438 3079 ab
460 3010 601 3078 Aristide
626 3034 750 3078 sensum
772 3034 813 3078 ex
843 3035 883 3078 eo
907 3013 1051 3094 eliceret,
1084 3022 1263 3101 corruptum
1289 3011 1428 3078 reddidit
1454 3012 1536 3079 libro
1564 3015 1590 3094 l,
1610 3037 1639 3079 e.
1659 3015 1690 3081 8,
1731 3014 1871 3080 Laborat

237 3139 314 3184 saue
335 3116 425 3181 loeus
445 3114 501 3180 ille
522 3113 683 3181 nonnullis
711 3114 945 3182 difficultatibus
958 3124 990 3181 et
1003 3125 1173 3204 praeterea,
1197 3125 1230 3180 nt
1239 3114 1372 3181 dubitari
1387 3117 1503 3203 nequit,
1526 3117 1646 3196 lacuna,
1670 3138 1761 3204 quam
1777 3117 1870 3181 etiam

237 3222 269 3285 in
290 3219 378 3285 libris
401 3239 420 3282 a
440 3216 591 3283 Marrucle
612 3218 761 3285 adhibitis
782 3219 889 3298 fuisse,
920 3239 962 3282 ex
987 3218 1064 3305 ipsis
1088 3219 1154 3283 eius
1178 3217 1425 3284 correctionibus
1447 3229 1584 3306 apparet.
1630 3221 1748 3299 Quare,
1776 3239 1870 3306 quum

238 3322 408 3389 accurratius
431 3318 471 3385 de
493 3342 532 3385 eo
556 3319 774 3407 disputandum
796 3320 851 3400 sit,
880 3321 1030 3387 Aristidis
1057 3320 1167 3400 verba,
1197 3343 1266 3386 cum
1288 3319 1446 3387 Manuelis
1475 3322 1721 3389 correctionibus
1742 3321 1793 3386 hic
1815 3319 1869 3386 ad·

237 3426 379 3491 scribam.
424 3424 513 3500 Quae
530 3445 623 3510 quum
646 3422 780 3511 duplicis
801 3424 924 3509 generis
935 3424 1006 3504 sint,
1030 3445 1093 3505 eus,
1117 3424 1228 3511 quibus
1251 3423 1314 3488 loci
1336 3446 1447 3490 sensus
1469 3436 1611 3507 mutatur,
1633 3426 1710 3512 ipsis
1723 3423 1869 3489 Aristidis

239 3527 342 3594 verbis
368 3525 540 3590 minoribus
566 3524 677 3591 litteris
703 3527 943 3612 superscribam
974 3548 1053 3613 quae
1081 3548 1157 3592 vero
1186 3526 1301 3592 nullius
1333 3523 1485 3591 momenti
1510 3538 1596 3607 sunt,
1626 3549 1679 3592 eas
1711 3547 1774 3591 arna
1799 3546 1869 3590 cum

237 3629 330 3696 vanis
352 3625 500 3693 Aristidis
522 3626 664 3692 codicum
694 3628 854 3714 scripturis
885 3629 966 3693 inira
992 3649 1167 3713 congeram.
1212 3629 1346 3695 Codices
1368 3629 1514 3693 Aristidis
1536 3653 1555 3694 a
1577 3628 1753 3694 bleibornio
1781 3628 1869 3693 adbi-

236 3732 320 3800 bitos
341 3728 620 3815 Magdaleneusem
647 3738 679 3795 et
704 3729 913 3796 Bodleianum
935 3739 967 3796 et
988 3729 1220 3815 Scaligeranum
1243 3730 1292 3796 his
1316 3731 1412 3817 signis
1434 3731 1588 3796 indicatos
1611 3730 1748 3797 afferam:
1774 3731 1811 3796 0.
1839 3731 1867 3811 l,

235 3872 275 3886 -
295 3836 334 3901 Ο.
350 3834 381 3913 2,
407 3869 445 3884 -
469 3832 521 3898 Sc.
543 3830 733 3898 —Addam
755 3843 820 3899 tres
843 3831 1089 3929 Neffslitanos,
1117 3833 1249 3919 primurn
1275 3834 1350 3900 259.
1372 3833 1428 3899 lIl
1452 3833 1485 3900 C.
1510 3836 1545 3915 l,
1580 3830 1694 3899 deinde
1713 3834 1788 3896 262.
1810 3831 1866 3897 lll.

235 3938 270 4006 C.
293 3939 323 4017 4,
346 3934 663 4024 postremarum.
682 3936 720 4004 C.
744 3938 775 4016 5,
799 3957 879 4023 qnos
901 3932 984 4001 bunc
1006 3935 1037 4000 in
1060 3934 1186 4000 modum
1202 3935 1348 4022 signabo:
1371 3930 1416 4004 N.
1440 3936 1467 4014 l,
1492 3970 1532 3982 -
1556 3934 1597 4000 N.
1611 3936 1641 4015 t,
1663 3971 1707 3982 -
1728 3933 1769 3999 N.
1782 3935 1811 3997 5.
1827 3967 1866 3981 -

234 4051 390 4129 praeterea
413 4036 607 4123 Lipsiensem
629 4045 660 4102 et
683 4037 973 4121 Guelferbytanum,
996 4035 1137 4124 signatos
1158 4039 1223 4104 suis
1246 4060 1399 4126 quemque
1420 4037 1530 4104 fitteris
1552 4037 1588 4103 L.
1606 4049 1637 4104 et
1653 4037 1691 4103 G.
1707 4034 1867 4102 Manuelrs

235 4153 425 4220 contextum,
448 4136 549 4225 qualis
571 4137 604 4203 in
620 4160 691 4221 una,
714 4163 794 4229 quae
809 4152 921 4224 exstat,
944 4141 994 4208 Jo.
1008 4139 1146 4206 Wailisii
1158 4140 1297 4207 editione
1308 4141 1468 4228 reperitur,
1491 4140 1601 4207 litteris
1615 4139 1702 4206 Man.
1719 4138 1866 4225 signabo;

234 4257 343 4313 contra
364 4243 464 4308 varias
486 4240 653 4328 scripturas
676 4266 695 4308 a
717 4243 910 4325 Meibomio,
939 4245 993 4332 qui
1020 4243 1120 4310 tribus
1150 4243 1311 4309 codicibus
1334 4267 1407 4310 usus
1438 4252 1500 4323 est,
1528 4242 1653 4322 allatas,
1681 4242 1791 4308 litteris
1818 4239 1865 4307 M.

235 4347 332 4423 lien,
352 4356 384 4412 et
404 4343 578 4431 Lipsiensis
600 4345 722 4412 codicis
744 4344 922 4413 varietatem
937 4347 1048 4414 litteris
1070 4346 1106 4412 1..
1118 4345 1207 4412 Man.
1228 4353 1386 4416 mennam
1411 4345 1582 4411 diductis
1604 4344 1708 4410 verbis
1730 4346 1773 4410 ita
1794 4364 1866 4432 sup·

235 4447 342 4537 plebe,
364 4457 398 4513 ut
419 4456 608 4535 eapropter
630 4445 876 4533 ὁμοιοτέλευτον
897 4471 917 4515 a
937 4449 1071 4516 librariis
1095 4450 1211 4516 omissa
1232 4471 1303 4516 esse
1320 4449 1385 4515 reri
1396 4447 1496 4514 simile
1512 4449 1562 4530 sit,
1585 4446 1757 4514 cuiusmodi
1773 4447 1866 4513 omis·

234 4549 333 4616 sionis
355 4548 483 4614 alterum
505 4549 682 4638 exemplum
704 4552 735 4617 iu
760 4552 801 4620 ll
824 4554 842 4615 1
865 4563 898 4618 et
917 4555 938 4617 5
961 4562 1063 4618 exstat
1085 4552 1141 4622 lin.
1165 4553 1315 4618 11-13.

321 4647 457 4717 Τούτων
482 4651 517 4717 δὲ
538 4657 569 4718 οἱ
590 4655 652 4736 μὲν
672 4654 896 4741 estuduimus
918 4652 957 4719 δι’
981 4651 1071 4734 dicu,
1094 4661 1130 4722 ol
1150 4655 1184 4721 δὲ
1207 4652 1288 4740 οὐχί.
1319 4651 1338 4720 ὁ
1358 4657 1420 4739 μέν
1441 4641 1500 4718 οὖν
1511 4648 1634 4734 Δώριος
1648 4649 1780 4734 σύμπας
1846 4650 1863 4714 1

231 4753 426 4840 μελῳδεῖται
448 4748 504 4818 nd
524 4750 560 4822 τὸ
586 4760 680 4843 μέχρι
700 4757 766 4823 τῶν
786 4753 914 4824 δώδεκα
934 4753 1037 4824 τόνων
1058 4755 1121 4838 τήν
1142 4752 1260 4848 pneris
1281 4752 1360 4840 ἡμῖν
1382 4752 1625 4841 ὑπηρετεῖσθαι,
1648 4754 1703 4818 καὶ
1724 4747 1778 4816 daei
1843 4752 1866 4816 2
