4236 5580
963 416 1114 429 -—-·-

130 462 144 485 ⁴
219 551 332 601 norum
351 466 625 621 tesdfflpdorum
646 522 741 602 ratio,
763 529 813 601 ut,
837 517 940 608 qualis
959 539 997 585 ee
1017 519 1111 586 luent
1131 518 1260 585 remotis
1280 517 1346 586 illis
1369 520 1525 587 Gnidouis
1546 519 1759 608 temporibus,
1783 542 1867 590 con·

219 635 304 704 stitnri
331 622 490 718 nequeu'ty
499 640 611 715 *quum
637 625 728 690 etiam
755 633 827 689 ante
860 623 923 688 hos
957 631 1080 689 centum
1109 643 1228 705 annos,
1264 622 1385 689 sinon
1414 625 1532 690 maiore
1558 623 1742 707 intervallo,
1776 637 1869 693 certe

93 782 96 791 .
218 741 341 824 integro
367 742 447 799 tono
476 730 600 817 gravius
627 748 719 815 quam
746 747 807 792 nos
835 723 1005 791 cecinerint
1036 724 1190 792 homines.
1248 725 1388 792 Tametsi
1418 725 1512 813 igitur
1539 725 1674 810 Lydium
1705 727 1867 816 proslam-

218 843 419 911 banomenon
441 855 505 901 uno
527 841 645 900 tantum
667 828 834 896 semitonio
857 828 1026 894 acutiorem
1048 837 1159 894 nocuo
1181 830 1211 894 A
1237 825 1334 894 fuisse
1359 850 1428 894 sum
1453 827 1657 917 probaturus,
1684 839 1792 897 tamen
1815 853 1867 898 ar·

219 950 366 1032 qumeuto
391 939 444 1004 isti
470 935 712 1004 eGuidoniana
742 930 829 999 scala
851 930 1016 1020 desumpto
1035 931 1115 997 nihil
1136 930 1333 998 tribuendum
1356 953 1487 1016 censeo,
1516 931 1575 1000 sed
1595 934 1701 1022 potius
1727 935 1772 1001 ita
1795 956 1868 1002 rem

220 1068 291 1116 esse
311 1037 550 1132 explorandam,
574 1047 608 1105 nt
628 1039 698 1125 ipsa
718 1036 872 1101 humanae
893 1037 982 1102 vocis
1003 1044 1113 1102 natura
1133 1032 1357 1101 consideretur.

306 1165 366 1231 Est
387 1161 469 1227 enim
490 1159 564 1226 voci
586 1158 735 1244 musque
755 1155 892 1223 hominis
914 1156 1048 1243 spatium
1069 1153 1199 1242 aliquod
1221 1153 1486 1242 circumscriptum
1508 1153 1601 1221 certis
1622 1153 1753 1236 finibus,
1776 1176 1867 1245 quos

220 1263 413 1335 modulando
435 1263 566 1328 transire
586 1259 642 1325 illa
663 1260 778 1347 nequit.
814 1257 880 1325 Sed
902 1257 1057 1325 diversum
1078 1255 1182 1324 idest
1203 1257 1236 1322 in
1258 1255 1390 1322 diversis
1413 1256 1601 1323 bominibus.
1640 1257 1755 1347 Neque
1775 1253 1867 1326 enim

220 1371 322 1440 solum
343 1368 402 1435 viri
427 1364 551 1453 gravim
578 1363 683 1450 pueris
711 1370 743 1427 et
764 1360 886 1426 seminis
902 1360 1037 1441 *canunt,
1070 1358 1128 1427 sed
1153 1360 1244 1426 etiam
1265 1361 1403 1428 virorum
1432 1359 1486 1425 alii
1514 1361 1705 1427 acutioribus
1731 1370 1867 1430 utuntur

219 1474 367 1552 vocibus,
394 1469 448 1534 alii
469 1464 681 1552 gravioribus,
711 1462 883 1551 eademque
907 1464 1040 1529 varietas
1066 1464 1100 1528 in
1129 1462 1252 1528 leminis
1278 1462 1447 1550 puerisque
1472 1472 1590 1543 exstat,
1619 1461 1702 1529 unde
1723 1475 1866 1551 quatuor

219 1576 386 1666 praecipue
412 1590 526 1637 vocum
553 1567 754 1633 humanarum
782 1565 956 1632 efficiuntur
982 1565 1129 1647 ambitus,
1159 1588 1240 1654 quos
1267 1565 1365 1631 bodie
1385 1565 1472 1631 Italis
1495 1565 1599 1633 verbis
1625 1569 1749 1653 signare
1775 1567 1864 1634 sole

219 1700 288 1746 mus
309 1680 422 1754 Besso,
452 1675 578 1750 Tenere,
606 1670 696 1750 Ano,
724 1674 869 1754 Soprenso.
919 1668 1044 1748 Quodsi
1072 1668 1240 1735 multorum
1268 1667 1444 1748 bominum,
1472 1668 1526 1756 qui
1547 1669 1677 1735 vocibus
1700 1668 1865 1750 differunt,

219 1790 390 1851 concentus
417 1778 462 1844 ita
485 1771 646 1842 faciendus
674 1780 737 1853 est,
764 1782 798 1839 ut
826 1792 936 1839 omnes
963 1791 1028 1837 uno
1055 1792 1138 1838 sono
1167 1781 1295 1854 emant,
1322 1780 1386 1836 tam
1413 1771 1507 1837 aretis
1534 1771 1649 1839 linibus
1671 1771 1865 1839 cantilenam

221 1886 358 1954 coerceri
386 1901 515 1947 neeesse
542 1888 606 1959 est,
636 1885 670 1942 ut
697 1896 798 1963 neque
825 1877 879 1962 qui
908 1873 1098 1941 acutioribus
1127 1875 1273 1941 vocibus
1287 1870 1420 1961 praediti
1447 1884 1519 1941 sunt
1543 1875 1603 1942 viri
1629 1874 1722 1941 nimis
1747 1894 1864 1960 graves

220 2012 329 2069 sonos,
351 2006 453 2074 neque
474 1982 528 2069 qui
549 1978 744 2067 gravioribus
766 1988 901 2057 utuntur,
923 1978 1014 2043 nimis
1037 1986 1146 2043 acutos
1168 1976 1263 2043 edere
1285 1987 1449 2062 cogantur3
1473 1977 1559 2065 quod
1583 1976 1611 2043 si
1630 1977 1692 2058 fiat,
1712 1976 1864 2044 mulieres

220 2113 347 2184 quoque
367 2098 400 2155 et
419 2085 524 2175 pueri,
547 2083 784 2172 quibuscunque
805 2079 936 2147 vocibus
958 2081 1100 2146 instructi
1121 2079 1250 2161 ineunt,
1277 2080 1310 2144 in
1332 2081 1494 2167 superiore
1515 2079 1669 2168 diapason
1691 2078 1865 2146 commode

220 2195 385 2262 concinere
406 2195 562 2277 poterunt.
612 2182 777 2251 Eiusmodi
805 2193 878 2274 sunt
903 2183 986 2273 apud
1012 2205 1073 2248 nos
1102 2205 1140 2248 ea
1167 2184 1316 2264 carmina,
1345 2204 1425 2270 quae
1454 2184 1487 2249 in
1516 2184 1641 2272 templis
1665 2205 1685 2249 a
1713 2183 1863 2250 coetibus

220 2297 381 2366 bominum
402 2304 554 2356 canumur
574 2296 606 2353 et
628 2288 764 2352 carmina
784 2296 894 2353 nostra
914 2286 1104 2368 convivalia,
1132 2285 1268 2374 denique
1290 2285 1500 2374 quodcunque
1522 2307 1645 2352 carmen
1666 2289 1699 2353 in
1722 2309 1778 2354 ore
1799 2308 1862 2374 pc·

219 2399 287 2491 puli
307 2407 364 2464 est.
416 2392 520 2472 Quae,
550 2398 585 2455 ut
612 2388 652 2453 ab
674 2388 818 2453 omnibus
844 2388 947 2455 omnis
973 2390 1096 2474 generis
1123 2397 1155 2454 et
1183 2389 1291 2454 aetatis
1314 2388 1493 2455 hominibus
1515 2389 1683 2457 commode
1703 2413 1766 2456 nna
1786 2392 1862 2457 cani

219 2501 352 2592 possint,
372 2492 569 2563 intervallum
591 2488 744 2581 diapason
765 2510 832 2556 uon
852 2490 951 2556 multo
974 2491 1106 2556 transire
1128 2490 1254 2573 debent,
1281 2490 1348 2572 sed,
1373 2513 1466 2580 quum
1487 2492 1669 2559 feminarum
1691 2503 1722 2559 et
1742 2514 1863 2582 puero·

218 2662 288 2718 rum
312 2657 408 2704 voces
438 2637 630 2720 spectantur,
663 2627 745 2692 intra
775 2636 917 2692 nostrum
940 2612 1020 2694 e'et
1046 2613 1093 2706 ee]
1125 2649 1219 2715 quum
1249 2629 1402 2710 virorum,
1436 2630 1517 2696 intra
1544 2628 1674 2696 eosdem
1699 2629 1861 2697 interioris

173 2824 177 2831 Ι
220 2754 349 2812 octavae
375 2758 475 2805 sonos
502 2731 665 2798 contineri.
720 2729 796 2796 Hoc
825 2730 919 2816 igitur
945 2740 994 2797 cst
1020 2751 1086 2797 non
1113 2730 1320 2818 singulorum,
1348 2731 1405 2797 sed
1426 2733 1522 2799 totius
1548 2732 1709 2800 hominum
1734 2734 1861 2800 univer·

218 2845 319 2915 sitatis
341 2841 505 2909 commune
525 2835 614 2902 vocis
637 2833 778 2924 spatium.
823 2833 936 2923 Neque
961 2833 1054 2900 facile
1079 2833 1133 2900 alii
1160 2833 1273 2900 limites
1297 2831 1370 2898 huie
1396 2836 1499 2923 spatio
1527 2836 1674 2903 constitui
1699 2846 1861 2925 poterunt.

218 2949 364 3035 Namque
391 2942 446 3011 ubi
473 2948 634 3006 canentem
662 2939 695 3002 in
724 2935 856 3003 ecclesia
883 2936 1111 3003 multitudinem
1137 2936 1217 3002 infra
1249 2958 1360 3002 sonum
1387 2963 1404 3003 c
1430 2937 1622 3005 descendere
1652 2940 1860 3026 is‘coegeriq

220 3051 274 3138 qui
294 3049 501 3115 instrumento
524 3050 647 3106 cautum
668 3038 787 3123 dirigit,
815 3060 881 3105 vox
907 3039 1080 3106 nonnullos
1103 3040 1277 3105 canentium
1303 3039 1364 3104 iam
1389 3040 1517 3128 incipiet
1539 3041 1685 3122 delicere;
1710 3051 1741 3107 et
1767 3043 1859 3124 item,

218 3150 274 3218 ubi
294 3168 390 3236 supra
410 3165 523 3211 sonum
544 3165 576 3209 es
597 3137 773 3206 ascenderit
794 3141 960 3218 cantilena,
983 3142 1074 3227 pauci
1095 3141 1249 3226 gravioris
1268 3140 1357 3207 vocis
1371 3142 1440 3224 viri,
1462 3144 1628 3232 pauciores
1648 3144 1746 3232 pueri,
1767 3165 1859 3211 com-

218 3249 314 3319 mode
340 3248 430 3337 sequi
449 3252 606 3334 poterunt.
650 3242 785 3307 Exstant
812 3241 937 3328 quidem
963 3241 1117 3308 nonnulla
1143 3244 1279 3309 carmina
1305 3267 1406 3325 sacra,
1433 3267 1514 3334 quae
1539 3257 1630 3313 extra
1655 3245 1859 3336 supradictos

219 3373 370 3423 sonorum
390 3349 504 3416 limites
525 3342 733 3432 egrediuntur,
756 3353 791 3409 ut
811 3342 947 3428 hymnus
968 3346 1046 3425 Dir,
1068 3351 1133 3428 dir,
1156 3349 1306 3427 Jebonel,
1328 3352 1389 3414 nati
1407 3351 1455 3414 iel
1474 3355 1597 3433 singen,
1621 3351 1674 3438 qui
1695 3374 1715 3416 a
1735 3372 1816 3417 sono
1840 3379 1860 3418 c

219 3494 319 3562 usque
336 3468 377 3536 ad
391 3456 411 3536 i
426 3465 583 3545 ascendit,
609 3464 709 3529 minus
731 3462 787 3528 illa
808 3473 911 3529 tamen
933 3485 1000 3528 eam
1024 3464 1067 3531 ob
1090 3486 1214 3530 oausam
1239 3476 1311 3554 apta
1332 3465 1374 3532 ad
1396 3488 1590 3533 communem
1613 3479 1735 3535 cautum
1756 3470 1858 3538 eccle·

220 3577 387 3653 siasticum,
410 3591 503 3659 quam
524 3588 634 3652 magua
654 3565 710 3630 illa
731 3567 932 3654 vetustiorum
955 3566 1123 3631 carminum
1145 3568 1247 3655 eopia,
1270 3590 1350 3656 quae
1371 3591 1471 3656 paene
1493 3592 1648 3658 nunquam
1664 3572 1741 3638 fines
1763 3573 1858 3640 unius

220 3687 349 3744 ceurae
368 3678 538 3741 transeunt.
576 3668 664 3734 Haec
686 3666 739 3732 ubi
760 3668 793 3731 in
815 3690 853 3732 ea
873 3669 1003 3752 regione
1024 3668 1292 3751 collocaverimus,
1316 3692 1396 3757 quae
1417 3694 1437 3736 a
1457 3673 1601 3757 graviore
1614 3680 1657 3739 cie
1677 3674 1859 3743 extenditur

219 3779 260 3849 ad
282 3778 401 3846 acutius
422 3782 476 3855 osb,
498 3770 631 3841 vocibus
653 3771 792 3835 canentis
814 3768 1019 3836 multitudinis
1043 3772 1203 3860 aptissime
1224 3770 1468 3861 providebimus.

304 3900 370 3966 Iam
391 3917 468 3964 vero
491 3896 632 3961 Graecos
654 3898 777 3956 constat
798 3890 921 3975 saepius
943 3911 1035 3977 quam
1056 3911 1116 3957 uos
1138 3892 1172 3957 in
1187 3893 1288 3958 omnis
1305 3894 1428 3978 generis
1444 3892 1556 3960 diebus
1576 3892 1663 3960 lestis
1679 3899 1859 3965 communia

219 4003 354 4069 carmina
376 3999 536 4066 cecinisse.
581 3991 678 4073 Quod
701 3991 761 4059 uisi
783 3992 906 4058 diversa
927 4015 947 4057 a
967 4002 1077 4059 nosue
1097 4002 1206 4059 natura
1232 3992 1391 4061 habebant
1412 4017 1548 4084 corpora
1574 4006 1606 4062 et
1631 4007 1769 4080 guttura,
1798 4001 1857 4066 sed

219 4113 308 4172 erant
329 4098 396 4168 oles
415 4102 477 4167 civ
497 4100 614 4183 βροτοί
635 4101 731 4174 einen,
757 4093 841 4160 idem
867 4094 946 4160 illud
966 4096 1005 4160 iis
1027 4117 1153 4184 quoque
1174 4117 1338 4162 commune
1361 4097 1458 4165 fuisse
1479 4099 1575 4166 debet
1594 4100 1684 4168 vocis
1710 4104 1854 4192 spatium.

219 4205 285 4275 Sed
307 4205 422 4271 dixerit
442 4203 577 4268 sortasse
598 4198 724 4286 aliquis,
748 4219 813 4263 non
835 4199 877 4263 ita
898 4207 933 4263 ut
954 4198 1038 4286 apud
1059 4220 1119 4264 nos
1142 4199 1286 4266 mulieres
1309 4220 1461 4266 unacum
1483 4203 1557 4268 viris
1580 4204 1772 4286 concinisse,
1795 4207 1855 4272 sed

219 4309 352 4377 seorsim
372 4305 556 4394 plerumque
576 4303 637 4367 hos
659 4310 691 4366 et
711 4300 792 4367 illas.
835 4300 880 4365 At
901 4301 980 4366 nihil
1001 4301 1105 4368 refert.
1149 4303 1282 4381 Etenim,
1305 4303 1396 4368 etiam
1417 4305 1472 4371 ubi
1492 4306 1550 4372 viri
1570 4306 1651 4372 iuter
1673 4327 1708 4371 se
1730 4319 1854 4389 meunt,

102 4414 109 4421 “
218 4410 422 4479 nihilominus
442 4407 526 4474 idem
553 4402 634 4472 illud
655 4425 818 4469 commune
839 4405 928 4469 vocis
954 4406 1087 4493 spatium
1113 4404 1298 4473 servandum
1319 4415 1382 4489 est,
1409 4429 1469 4494 pro
1492 4407 1623 4475 diversis
1650 4430 1762 4474 vocum
1784 4410 1856 4474 viri·

218 4515 294 4583 lium
315 4512 449 4595 naturis,
476 4509 652 4597 graviorum
679 4516 710 4572 et
737 4507 922 4589 acutiorem,
950 4518 982 4575 et
1007 4507 1130 4589 itidem,
1158 4508 1212 4575 ubi
1238 4507 1392 4574 mulieres.
1437 4512 1525 4590 Quae
1548 4532 1643 4598 quum
1668 4511 1712 4577 ita
1738 4534 1773 4578 se
1799 4512 1855 4577 ha-

219 4618 329 4699 beant,
357 4615 527 4704 qnaeritur,
551 4632 626 4679 num
654 4608 766 4697 quibus
794 4610 980 4695 argumentis
1008 4610 1137 4699 probari
1162 4611 1278 4699 possit,
1307 4632 1470 4679 commuue
1495 4614 1584 4680 vocis
1601 4614 1743 4701 'spatium
1769 4615 1854 4702 apud

219 4723 361 4790 Graecos
383 4718 521 4808 positum
538 4714 635 4782 fuisse
655 4714 737 4779 intra
750 4710 845 4795 Lydii
867 4712 954 4779 modi
975 4712 1113 4802 hypaten
1136 4712 1279 4801 hypaton
1298 4725 1330 4782 et
1351 4725 1443 4782 neten
1460 4736 1697 4799 synemmenon,
1721 4738 1855 4805 quonam

218 4861 371 4908 sonorum
396 4839 528 4906 alterum
557 4841 667 4901 nostro
697 4835 735 4900 H
762 4832 890 4898 alterum
921 4841 1032 4898 nostro
1060 4840 1097 4914 d,
1129 4834 1285 4920 expressi,
1320 4835 1495 4901 universum
1522 4844 1659 4917 systema
1685 4838 1853 4904 semitonio

219 4943 354 5030 maius,
376 4951 411 5010 ut
430 4937 549 5020 monui,
571 4934 722 5020 scribens,
744 4945 786 5020 et,
806 4934 861 5001 ubi
881 4954 944 5002 uua
963 4943 1083 5002 tantum
1103 4934 1194 5004 huius
1214 4934 1348 5005 ambitus
1363 4944 1473 5003 ecura
1488 4934 1654 5020 sufficeret,
1675 4959 1743 5007 eun
1756 4939 1855 5023 Lydii
