4236 5580
246 260 299 383 Je-
1050 303 1107 388 eu

262 510 346 596 κατὰ
366 523 484 592 τόπον·
511 515 596 587 κατὰ
618 517 763 604 ῥυθμόν.
807 518 876 583 Καὶ
898 514 918 597 ἡ
945 518 1005 600 μὲν
1032 509 1117 582 κοντοὶ
1143 510 1270 598 [μέλος]
1292 524 1363 586 μένος
1391 505 1560 593 μεταβολὴ
1585 508 1727 593 γίνεται,
1756 507 1842 576 ὅταν
1872 509 1906 590 ἐξ

261 631 422 717 ἁρμονίας
442 632 487 701 etc
505 623 623 709 χρῶμα
643 614 811 707 μεταβολὴ
830 623 963 706 γένηται
984 610 1007 696 ἢ
1030 612 1211 682 ἀνάπαλιν·
1232 610 1292 692 τὴν
1314 611 1349 678 δὲ
1371 608 1455 676 κατὰ
1475 601 1567 689 ἦθος
1587 607 1778 695 μεταβολὴν
1795 607 1903 697 φήσῃ.

329 741 372 796 27.
407 737 450 788 aul
466 729 572 806 ῥυθμόν
586 751 616 803 p.
681 764 710 807 ·'.

263 879 360 891 ——·-·-·

263 958 348 1018 Vides
365 955 433 1011 haec
451 953 556 1009 omniuo
574 968 715 1023 congruere
733 966 793 1005 cum
811 947 856 1016 iis,
881 967 948 1026 quae
970 946 1005 1003 de
1023 956 1112 1004 mutua
1131 944 1269 1003 modorum
1287 951 1315 998 et
1331 949 1439 996 octavae
1463 938 1613 1016 specierum
1635 939 1735 994 ratione
1752 957 1836 1018 snpra
1854 939 1906 998 dia·

263 1052 354 1124 putata
370 1048 432 1097 suut
452 1056 509 1117 pag.
534 1038 579 1104 10,
600 1054 676 1113 seqq.
711 1033 831 1100 Etenim,
855 1032 878 1088 si
897 1040 1040 1106 systemata
1057 1050 1116 1108 pag.
1134 1033 1168 1086 ll
1190 1029 1323 1106 descripta
1348 1034 1402 1082 tota
1424 1024 1492 1079 inter
1514 1041 1544 1077 se
1566 1031 1711 1091 mutantur,
1731 1026 1847 1082 mutatio
1868 1036 1907 1083 eat

262 1126 408 1187 secuudum
427 1123 587 1189 tensionem,
610 1128 712 1186 contra,
731 1117 755 1172 si
771 1113 834 1171 illae
851 1134 941 1172 eornm
960 1125 1060 1172 tautum
1080 1112 1241 1194 particulae,
1260 1129 1327 1190 quae
1346 1107 1489 1165 maioribus
1506 1107 1575 1163 uotis
1592 1125 1732 1184 expressae
1749 1119 1827 1180 sunt,
1850 1129 1905 1168 mu·

261 1215 325 1272 tatio
341 1207 486 1268 secundum
503 1217 611 1263 octavae
628 1203 756 1279 speciem.
792 1199 842 1256 Illa
859 1200 940 1256 nostri
958 1201 1053 1258 musici
1070 1208 1187 1268 utuntur,
1205 1196 1251 1255 ubi
1270 1213 1387 1263 carmen,
1405 1193 1476 1250 souis
1494 1191 1604 1248 alicuius
1620 1200 1664 1248 aut
1678 1191 1736 1249 duri
1751 1202 1797 1250 aut
1817 1192 1905 1252 mullis

260 1297 333 1358 modi
355 1304 493 1352 somnus,
515 1290 583 1347 alius
600 1286 741 1345 cuiuslibet
759 1284 850 1342 itidem
868 1295 913 1341 aut
930 1282 988 1342 duri
1006 1294 1051 1341 aut
1068 1282 1157 1340 mollis
1174 1280 1246 1339 modi
1263 1281 1335 1338 sonis
1353 1277 1491 1356 adaptant,
1513 1275 1564 1331 hac
1582 1294 1659 1343 veru,
1680 1275 1788 1354 quando
1805 1279 1843 1334 ita
1862 1299 1905 1336 na-

260 1395 345 1442 turam
363 1375 494 1435 melodiae
511 1375 624 1441 variant,
642 1380 672 1429 ut
687 1389 736 1448 pro
755 1368 818 1427 dura
837 1369 893 1427 eius
912 1367 984 1426 scala
1001 1367 1118 1437 mollem,
1136 1375 1237 1443 autpro
1255 1363 1329 1421 molli
1346 1363 1439 1421 duram
1458 1358 1576 1418 eiusdem
1594 1359 1719 1417 tensionis
1735 1361 1904 1421 substituant

259 1467 329 1526 Rem
348 1471 469 1521 accurate
487 1468 514 1515 et
534 1458 674 1536 perepicuo
691 1464 784 1512 tractat
808 1451 1029 1524 Ptolemaeus,
1058 1454 1112 1530 qui,
1135 1459 1274 1531 postquam
1291 1449 1460 1505 mutationem
1477 1442 1621 1502 secundum
1639 1461 1720 1519 genua
1736 1456 1766 1504 et
1783 1450 1905 1506 mutatio·

259 1571 322 1610 uem
340 1545 487 1606 secundum
504 1541 611 1601 medum
629 1543 676 1608 iia,
694 1558 762 1619 quae
779 1558 857 1617 supra
875 1539 1017 1616 exscripsi,
1039 1536 1129 1595 verbis
1147 1535 1277 1603 distinxit,
1296 1533 1364 1589 lreec
1381 1530 1467 1589 eddit:

257 1639 320 1692 Εἰσὶ
337 1635 365 1687 dt
382 1635 425 1684 ant
441 1624 513 1701 ταρὰ
528 1623 573 1680 τὸν
591 1621 657 1680 οὗτοι
675 1621 812 1695 νεμόμενον
825 1620 903 1676 τόνον
914 1622 1061 1693 μεταβολῶν
1104 1620 1173 1678 Sunt
1191 1620 1270 1676 etiam
1288 1617 1459 1674 mutationum
1477 1613 1623 1671 secundum
1640 1623 1744 1682 tenum,
1761 1633 1844 1692 quem
1861 1635 1905 1674 vu-

261 1719 309 1776 δὺο
327 1718 425 1791 πρῶτον
442 1716 577 1784 διαφοραί·
599 1715 649 1781 μία
664 1713 712 1780 μὲν
728 1701 791 1760 καθ’
808 1701 842 1776 ἢν
860 1702 921 1760 ὅλον
937 1703 968 1759 τό
985 1709 1061 1777 μέλας
1105 1714 1179 1772 canl,
1197 1703 1265 1761 duae
1283 1701 1423 1780 primariae
1441 1697 1553 1766 clasem
1574 1698 1656 1756 tlleru
1681 1719 1734 1777 que
1753 1700 1904 1760 universum

261 1799 366 1874 ὄειηνρρ
387 1797 460 1853 τόσοι
481 1798 601 1864 διέξιμεν,
628 1786 743 1860 vincito
764 1796 902 1864 βαρυιιρᾳ,
927 1792 1061 1862 τηροῦντες
1103 1787 1245 1845 melodiam
1265 1787 1380 1844 ecutiure
1400 1787 1519 1842 tennione
1536 1784 1731 1864 percurrimus,
1752 1784 1796 1843 vel
1814 1805 1905 1844 rurum

260 1885 291 1942 τό
309 1883 353 1941 διὰ
369 1879 465 1942 παντὸς
480 1881 529 1934 τοῦ
545 1881 630 1937 εἴδους
644 1870 806 1930 ἀκόλουθον·
824 1877 927 1948 δευτέρα
939 1878 980 1942 dt,
998 1869 1059 1928 καθ’
1101 1873 1234 1950 graviore,
1251 1881 1356 1928 servato
1373 1880 1461 1926 tamen
1478 1871 1558 1928 totius
1574 1870 1675 1949 speciei
1691 1867 1800 1940 ordiner
1824 1868 1903 1928 altera

259 1967 293 2043 ἢν
311 1966 361 2038 οὐχ
379 1964 441 2022 ὅλον
456 1961 488 2019 τό
505 1958 776 2035 μέλοςνὶξαλλόοοεται
792 1961 825 2033 τῇ
842 1957 926 2027 τάσει,
943 1968 1020 2032 μέρος
1032 1961 1063 2013 δέ
1102 1977 1178 2026 vero,
1203 1976 1255 2035 qua
1277 1975 1329 2013 nou
1351 1956 1400 2011 toti
1416 1952 1561 2022 melodice,
1578 1953 1626 2010 sed
1644 1953 1904 2033 partitantummeele

259 2077 285 2110 m
302 2050 372 2127 παρὰ
392 2048 440 2121 ‘tl’
462 2049 568 2123 ream,
586 2040 760 2100 ἀκολουθίαν·
784 2041 825 2097 διὰ
849 2048 893 2096 καὶ
915 2038 1010 2096 καλοῖτ’
1028 2036 1060 2096 da
1104 2044 1162 2099 eiua
1180 2040 1259 2098 alicui
1277 2040 1380 2098 diversa
1400 2061 1414 2095 e
1432 2041 1545 2119 pristino
1563 2058 1641 2098 cursu
1664 2039 1750 2095 tensio
1767 2039 1905 2106 triluitum

260 2135 325 2208 αὕτη
341 2138 390 2191 τοῦ
405 2137 498 2208 μέλους
513 2133 627 2203 μᾶλλον,
647 2122 816 2199 vicedomno
827 2125 967 2200 μεταβολή.
990 2121 1059 2181 Κατ’
1104 2146 1186 2206 quare
1205 2125 1336 2182 melodiae
1355 2127 1464 2181 mutatio
1480 2126 1568 2204 potius
1590 2123 1658 2180 lneec
1680 2133 1805 2194 vocetur,
1825 2144 1903 2203 quam

259 2229 355 2291 ἐκείνην
370 2227 416 2291 μὲν
434 2216 483 2290 μὰρ
501 2210 547 2270 οὖν
565 2209 861 2285 ἅλλάοοιταιτὸμέλος,
880 2206 1060 2266 ἀλλ’όόιόλου
1101 2212 1237 2269 tensionis.
1273 2209 1414 2267 Perillam
1432 2210 1502 2266 enim
1521 2208 1635 2266 melodia
1645 2227 1697 2265 non
1714 2209 1838 2280 variatur,
1856 2209 1903 2268 aed

259 2307 347 2366 τόνος·
375 2299 441 2357 κατὰ
460 2298 556 2368 ταύτην
578 2303 605 2352 dt
630 2296 661 2351 τό
683 2302 731 2368 μὶν
752 2300 829 2368 μέλος
852 2302 993 2368 ἐκτρέπεται
1015 2297 1061 2364 τῆς
1102 2297 1223 2353 universa
1241 2297 1340 2367 tensio,
1357 2314 1406 2373 per
1422 2294 1491 2351 banc
1508 2313 1572 2351 vero
1581 2292 1696 2350 melodie
1712 2303 1836 2352 movetur
1845 2295 1903 2370 qni·

261 2393 356 2448 otaatuc
371 2384 476 2448 τάξιος,
492 2379 509 2451 ἡ
527 2385 553 2435 dt
570 2379 643 2440 τάσις
660 2374 709 2447 οὔχ
726 2376 854 2444 siendum,
872 2374 925 2431 ἄλλ’
941 2375 974 2438 οἷς
989 2381 1059 2432 ἕνεκα
1102 2379 1164 2437 dem
1183 2400 1198 2435 a
1215 2382 1322 2458 proprio
1340 2379 1447 2448 ordine,
1465 2397 1550 2457 neque
1567 2388 1655 2435 tamen
1666 2377 1724 2434 eius
1738 2379 1834 2448 teuaiu,
1852 2398 1902 2457 qua

260 2475 308 2528 τοῦ
324 2473 424 2544 μέλους.
461 2464 527 2521 ὅθεν
543 2471 623 2532 lustru
641 2468 688 2533 ,eta
706 2455 752 2515 οὖν
769 2469 871 2533 ἐμποιεῖ
887 2470 945 2520 τοῖς
961 2459 1060 2531 etudi-
1103 2466 1189 2522 tensio
1206 2475 1259 2534 eat,
1283 2463 1331 2521 ssd
1349 2462 1480 2521 melodiae
1498 2483 1590 2532 cama,
1613 2464 1703 2540 itaque
1725 2459 1773 2519 illa
1796 2483 1851 2522 uos
1867 2463 1903 2522 ei·

262 2576 317 2614 οτοι
335 2555 478 2627 φαντασίαν
497 2547 642 2621 ἑτερότητος
659 2547 705 2615 τῆς
721 2543 786 2601 κατὰ
803 2543 851 2614 τήν
868 2543 992 2615 δύναμιν,
1015 2539 1059 2616 ὕφ’
1101 2547 1173 2616 licit,
1196 2557 1226 2605 ut
1243 2547 1363 2606 diversus
1378 2547 1467 2605 scalae
1484 2545 1580 2624 gradus
1596 2546 1717 2604 senarium
1732 2550 1903 2629 percipiatur,

259 2638 291 2711 ἧς
311 2647 416 2696 κινεῖται
432 2631 464 2689 τὸ
482 2626 566 2703 ἦθος,
584 2625 650 2684 nun
666 2628 749 2703 μόνης
765 2631 810 2698 τῆς
827 2625 928 2682 needed
942 2623 1060 2701 ὄέὑττρον
1102 2634 1148 2703 (το
1167 2633 1236 2688 enim
1254 2630 1311 2694 solo
1330 2630 1460 2689 melodiae
1477 2630 1581 2688 indoles
1598 2632 1736 2702 veniatur),
1752 2631 1805 2690 sed
1815 2633 1904 2693 diaes

258 2719 449 2796 ἤβυρότερον·
481 2713 545 2787 atr,
576 2719 603 2770 di
632 2711 712 2787 ὄςττρ
740 2719 865 2769 ἐκπίπτειν
890 2708 970 2783 αὐτὴν
990 2723 1060 2768 norat
1101 2717 1165 2774 sitas
1187 2726 1287 2774 tantum
1305 2717 1434 2773 acuminis
1452 2717 1641 2793 etgravitatis,
1659 2714 1903 2789 lraecveroeillcit,

258 2809 306 2864 τοῦ
332 2803 464 2876 συνήθους
491 2806 535 2857 ant
561 2802 770 2875 τροςδονωμίνον
797 2802 902 2870 μέλους,
930 2794 992 2850 ὅταν
1016 2803 1060 2852 int
1101 2813 1130 2858 ut
1151 2803 1225 2880 quasi
1253 2800 1359 2859 excidat
1385 2821 1478 2861 seusus
1503 2821 1519 2858 e
1547 2811 1671 2864 consueta
1697 2811 1725 2876 et
1750 2812 1903 2881 exspectata

258 2895 335 2949 πλέον
360 2895 407 2962 μὶν
439 2891 584 2960 συνείρηται
609 2883 640 2940 τὸ
669 2877 818 2938 ἀκόλουθον
824 2924 832 2949 ,
862 2887 1004 2956 μεταβαὶνῃ
1031 2885 1061 2938 δέ
1101 2886 1231 2956 melodis,
1246 2907 1325 2965 quum
1344 2905 1437 2963 magne
1454 2885 1563 2965 quidem
1581 2896 1707 2966 experte
1724 2887 1904 2963 prlnrmmt

258 2999 309 3033 που
331 2972 395 3048 πρὸς
420 2971 601 3044 trementum.
629 2965 690 3038 ἤτοι
713 2964 778 3022 κατὰ
801 2966 831 3020 τὸ
848 2972 934 3035 γένος,
957 2961 1058 3036 dm&
1100 2974 1279 3042 continuetur,
1296 2970 1428 3028 interdum
1439 2990 1502 3029 vero
1511 2969 1544 3027 ad
1556 2969 1635 3051 aliam
1649 2973 1765 3050 speeiem
1778 2981 1902 3042 transeat,

256 3060 305 3132 τνὶν
320 3060 403 3114 τάσιν.
1099 3066 1144 3113 aut
1159 3053 1306 3113 secundum
1322 3074 1416 3130 genua,
1438 3065 1482 3112 aut
1497 3054 1643 3114 secundum
1659 3056 1813 3114 tensionem.

257 3147 353 3222 Iraque
376 3159 456 3216 quam
472 3156 551 3215 aupre
569 3138 739 3193 mutationem
757 3134 903 3193 secundum
920 3146 1029 3193 octavae
1047 3139 1167 3217 speciem
1184 3139 1290 3205 vocavi,
1312 3157 1343 3194 ea
1361 3136 1534 3195 dicamini
1554 3144 1632 3212 μέλος
1647 3160 1663 3197 a
1679 3137 1832 3197 Ptolemaeo
1855 3161 1903 3201 ve·

258 3237 347 3294 arur,
364 3225 411 3302 qui
428 3232 517 3279 contre
535 3219 659 3291 alteram,
681 3239 748 3298 quae
766 3229 807 3276 eet
824 3221 933 3276 mutatio
950 3220 1095 3280 secundum
1113 3223 1271 3291 tensionem,
1292 3222 1437 3294 μεταβολήν
1458 3221 1523 3278 κατὰ
1543 3223 1621 3279 τόνον
1644 3233 1729 3284 vocat.
1762 3221 1805 3280 lta
1822 3222 1903 3285 Pur·

256 3311 398 3392 phyrius
416 3326 519 3385 quoque
536 3306 563 3362 iu
581 3305 771 3362 commentario
788 3302 822 3361 ad
840 3302 975 3362 Ptolem.
993 3305 1042 3363 lib.
1061 3306 1097 3380 ll,
1116 3327 1174 3385 cap.
1192 3309 1207 3362 7
1227 3305 1295 3363 lreec
1313 3305 1390 3364 dicit:
1409 3309 1470 3363 Νῦν
1487 3309 1583 3381 &crept
1598 3310 1650 3362 saie
1661 3304 1725 3363 κατὰ
1736 3305 1798 3370 rode
1809 3306 1902 3371 τόνους

256 3394 404 3468 μεταβολῶν
421 3394 512 3464 precor
529 3390 561 3458 (i.
580 3409 603 3446 e.
623 3388 658 3446 de
675 3400 787 3446 totarum
804 3388 936 3447 scalamm
955 3391 981 3448 iu
1000 3390 1119 3450 diversas
1137 3393 1269 3450 tensiones
1285 3391 1455 3458 mutatione)·
1473 3384 1534 3446 uide
1549 3389 1599 3465 reip
1615 3397 1675 3465 περὶ
1690 3393 1741 3446 cair
1752 3394 1902 3464 μιτιιβολόν

256 3483 307 3536 τοῖν
322 3474 386 3534 κατὰ
401 3483 487 3546 μένος,
505 3470 565 3528 eddi
582 3470 635 3544 μὴν
650 3475 701 3526 τῶν
717 3471 782 3527 κατὰ
799 3473 830 3528 τό
847 3477 937 3546 μέλος,
955 3469 1020 3528 ἀλλὰ
1035 3478 1086 3529 τοῖν
1099 3474 1163 3532 νατοὶ
1172 3473 1234 3544 τούς
1241 3475 1345 3546 τόνους,
1363 3479 1388 3536 li
1399 3472 1433 3528 ala
1441 3473 1560 3548 σύστημα
1570 3475 1623 3529 nnis
1633 3474 1777 3545 συνάγεται.
1810 3476 1901 3554 Atque

256 3565 304 3624 illu
325 3565 385 3620 loco
414 3558 623 3617 Ptolemaeus
650 3565 711 3637 apte
730 3559 863 3635 coniungit
886 3562 1055 3617 mutationem
1077 3559 1223 3619 secuudum
1244 3573 1353 3619 octavae
1373 3561 1491 3640 speeiem
1512 3579 1572 3618 cum
1594 3562 1737 3617 mutatione
1753 3559 1902 3621 amte-

255 3666 350 3726 geuus,
372 3663 453 3724 quum
470 3663 519 3722 per
536 3654 673 3716 utramque
691 3661 753 3699 rere
770 3653 886 3700 mutetur
902 3654 994 3702 natura
1011 3655 1091 3723 atque
1108 3645 1213 3705 indoles
1230 3639 1327 3716 (ἦθος)
1346 3646 1483 3717 carminis,
1506 3643 1576 3723 quod
1599 3664 1650 3724 per
1666 3646 1836 3704 mutationem
1857 3665 1902 3704 ae·

256 3731 371 3791 cundum
389 3731 536 3787 tensionem
554 3729 581 3784 in
600 3727 681 3784 alium
699 3736 797 3784 tantum
816 3727 903 3786 locum
921 3731 1107 3809 transponitur.
1143 3730 1228 3789 Recte
1246 3732 1324 3807 igitur
1341 3730 1375 3788 ab
1392 3731 1471 3788 liuius
1493 3731 1644 3808 scriptionis
1666 3740 1772 3788 auctore
1794 3740 1902 3809 praeter

255 3818 413 3877 mutationes
429 3811 581 3883 καιόμενος
601 3822 628 3869 et
644 3808 709 3864 κατὰ
725 3809 841 3884 ῥυθμόν,
860 3813 928 3872 duae
947 3813 1009 3871 illes
1027 3813 1148 3875 diversae
1165 3819 1235 3875 iuter
1250 3836 1281 3873 se
1298 3815 1436 3874 modorum
1454 3816 1612 3874 mutationes
1633 3823 1793 3885 statuuntur,
1816 3814 1900 3874 altere

255 3899 318 3956 ιαιιὶ
338 3899 433 3966 τόπον,
453 3901 472 3959 ἰ.
490 3919 514 3956 e.
539 3898 647 3955 mutatio
669 3894 815 3953 secundum
837 3901 981 3956 tensionem
1004 3901 1061 3958 sive
1083 3904 1157 3959 vucia
1179 3901 1281 3968 locum,
1303 3920 1353 3977 qua
1376 3898 1470 3956 modus
1492 3919 1507 3955 a
1529 3899 1692 3973 greviuribus
1713 3898 1747 3957 ad
1770 3900 1901 3959 acutiores

255 4005 335 4043 senua
352 3988 394 4054 (et
411 3986 470 4041 vice
489 3983 584 4052 versa)
601 3983 793 4059 transponitur,
812 3982 839 4039 id
858 3984 928 4061 quod
945 3984 1028 4041 verba
1045 3981 1186 4052 ὑττατοιιδῆ
1202 3994 1230 4041 et
1244 3985 1368 4054 μεοοιιδῆ
1384 3982 1514 4052 iudicant,
1537 3983 1572 4040 de
1589 3985 1687 4061 quibua
1702 3983 1765 4043 vida
1780 3995 1848 4044 aest.
1864 3986 1901 4044 63

255 4079 283 4126 et
300 4071 347 4137 dt,
365 4067 448 4125 altera
465 4065 529 4121 νατιὶ
546 4060 632 4136 ἦθος,
650 4068 668 4125 ἰ.
688 4086 710 4122 e.
728 4065 874 4124 secundum
892 4078 1011 4125 naturam
1030 4076 1057 4123 et
1073 4064 1190 4123 indolem
1207 4064 1353 4134 melodice,
1371 4085 1421 4142 qua
1439 4066 1638 4127 intervallorum
1654 4079 1761 4127 mutuee
1784 4070 1900 4127 rationes

255 4162 397 4211 mutantur.
431 4151 572 4218 Cetemm,
591 4152 711 4227 quamvis
729 4150 797 4207 bene
814 4171 844 4208 se
862 4151 959 4208 hebeat
976 4151 1044 4208 laaec
1061 4151 1235 4207 mutationum
1252 4148 1398 4207 secuudum
1419 4149 1527 4209 modum
1545 4151 1680 4211 distinctio
1691 4155 1718 4211 in
1729 4152 1782 4210 dou
1793 4172 1899 4230 genera,

256 4247 345 4293 tamen
363 4254 426 4292 cave
444 4233 532 4302 dicas,
550 4233 746 4309 Dionysium
764 4255 814 4292 non
832 4238 896 4293 satis
914 4245 1035 4293 accurate
1053 4233 1087 4291 de
1106 4233 1157 4291 lmc
1173 4254 1203 4292 re
1217 4233 1380 4315 disputasse,
1398 4233 1469 4310 quud
1486 4240 1619 4294 communi
1631 4240 1738 4295 nomine
1748 4239 1900 4296 mutationis

255 4318 319 4375 κατὰ
336 4317 432 4391 τρόπον
449 4318 527 4375 ambo
545 4318 700 4395 complexus
716 4321 759 4376 sit.
792 4319 896 4377 Etenim
916 4331 1038 4400 apparet,
1062 4319 1207 4378 mutatione
1221 4318 1367 4379 seeundum
1390 4319 1537 4377 tensionem
1559 4319 1717 4401 plerumque
1738 4324 1822 4402 ipsius
1844 4343 1901 4382 me·

255 4404 343 4463 ludiae
360 4412 481 4460 naturam
498 4404 606 4471 mutari,
624 4411 651 4458 et
669 4402 779 4460 alterum
798 4403 860 4461 inde
879 4406 1029 4464 mutationis
1045 4423 1128 4479 genus
1146 4405 1232 4474 ellici,
1250 4401 1319 4482 quod
1338 4412 1380 4458 est
1396 4401 1542 4462 secuudum
1559 4414 1668 4464 octavae
1677 4409 1805 4486 speciem,
1821 4425 1900 4487 prae·

254 4491 347 4548 sertim
365 4487 411 4545 ubi
428 4506 493 4546 voce
511 4487 623 4544 humana
641 4490 745 4545 utimur.
781 4489 869 4564 Quam
892 4494 961 4548 enirn
986 4511 1039 4549 vox
1055 4488 1198 4547 melodiam
1216 4486 1354 4546 commode
1372 4489 1443 4545 caait
1465 4489 1492 4545 in
1509 4486 1602 4546 Dduri
1623 4489 1713 4560 medo,
1735 4491 1848 4549 eandem
1871 4492 1900 4550 ia

255 4573 335 4633 modo
352 4572 441 4630 Aduri
459 4582 504 4629 aut
521 4592 616 4629 canere
633 4583 743 4651 propter
761 4574 868 4630 nimiam
887 4576 1040 4650 grevitatem
1059 4573 1102 4633 vel
1119 4574 1231 4632 nimium
1247 4591 1359 4630 acumen
1375 4572 1482 4628 omuino
1494 4591 1547 4628 nou
1560 4576 1673 4652 poterit,
1690 4584 1747 4644 aut,
1763 4577 1787 4632 ai
1802 4584 1900 4652 puteat,

365 874 464 885 -.—-

255 4659 290 4716 ub
307 4656 419 4717 eandem
439 4676 545 4716 camum
563 4657 640 4734 louge
658 4655 734 4714 aliter
751 4677 782 4713 ec
800 4659 886 4735 priore
905 4658 983 4715 modo
1000 4659 1100 4717 adiciet
1117 4658 1262 4724 auditoreer
1278 4655 1350 4717 unde
1366 4656 1492 4713 tensionis
1500 4659 1643 4714 mutatione
1657 4657 1724 4716 iacta
1737 4657 1900 4737 plerumque

255 4746 313 4824 ipsa
330 4741 444 4801 meludia
463 4761 567 4822 quoque
585 4741 709 4799 mutaude
727 4742 828 4841 eat„id
846 4742 917 4821 quod
935 4743 1147 4804 Ptolemaeus
1163 4741 1234 4801 lunc
1251 4745 1278 4799 iu
1296 4740 1405 4800 mudum
1422 4742 1521 4838 optime
1537 4744 1660 4822 exposuit
1674 4741 1782 4814 libro2
1800 4745 1899 4823 cap'ir

253 4822 319 4883 otte
335 4824 386 4902 reip
409 4829 488 4882 ireaev
508 4828 560 4881 cair
579 4821 758 4900 βαρυτόραννῖ
776 4831 897 4907 *reipsa
919 4828 1009 4899 φυνὸν
1031 4824 1149 4902 εὕροιμεν
1172 4820 1205 4882 ὃν
1224 4823 1273 4896 τήν
1294 4823 1415 4882 σύστασιν
1435 4844 1482 4892 της
1502 4823 1568 4879 aurci
1587 4824 1634 4881 τὸν
1654 4826 1732 4883 τόνον
1752 4828 1900 4900 μεταβολῆς
