4236 5580
695 128 710 185 ‚4
829 150 832 155 ,
901 36 982 157 Ἀ,
1051 104 1149 187 ,a

690 312 780 381 s,
1024 308 1081 396 ro
1190 412 1204 439 ‚

235 535 318 601 Mox
341 541 444 595 tamen
464 547 560 614 snpra
581 524 681 591 additi
709 533 781 590 sant
802 520 1145 613 moffl.·ll>‘peraeolius
1173 531 1204 587 ct
1226 512 1461 608 Hyperlydius,
1490 520 1569 585 infra
1596 519 1683 586 nulli.
1727 521 1879 612 Namque

235 635 318 702 acuti
340 634 411 698 soni
433 631 590 696 faciliores
612 637 684 692 sunt
705 625 745 692 ad
760 614 967 693 adiiciendum
990 647 1080 712 quam
1103 645 1228 710 graves,
1257 624 1310 710 qui
1332 622 1518 702 utedantur,
1541 623 1659 690 maiora
1674 624 1878 692 fiarrtinstru-

237 747 341 803 menta
362 753 492 800 necesse
514 742 575 810 cst3
599 729 679 795 sicut
699 726 783 814 apud
805 750 865 793 nos
886 727 1089 793 instrumenta
1112 726 1216 812 pinnis
1237 727 1384 791 instructa
1405 724 1520 790 abhinc
1542 727 1763 813 quinquaginta
1785 731 1878 794 anuis

234 840 267 905 in
289 848 382 902 acuto
402 856 464 900 una
486 843 596 898 octava
617 845 649 897 et
670 829 800 896 dimidio
823 839 911 895 meta
933 839 1022 908 sunt,
1043 829 1076 893 in
1092 827 1178 914 gravi
1192 828 1244 893 vix
1261 827 1367 915 paucis
1385 827 1479 893 tonis.
1505 864 1544 878 -
1567 830 1639 894 lam·
1648 832 1749 916 pergit
1762 832 1877 897 Aristi·

236 939 308 1005 des:
331 942 500 1006 Ceterorum
513 940 664 1000 modam
681 939 733 1018 qus·
746 934 841 997 Dona
858 937 1014 1014 granimas
1031 942 1101 998 suat
1114 935 1343 1014 usqueadeone
1357 939 1508 995 canuntur
1522 940 1739 1018 suamqua‘sqnc
1756 957 1876 1012 murs,

236 1049 288 1128 qni
306 1051 446 1107 masenot
465 1040 580 1103 Dorio
599 1038 976 1120 proslambanomene,
1002 1039 1287 1119 quimatiorcr,
1309 1055 1421 1117 usque
1441 1039 1488 1098 nd
1507 1056 1597 1115 cum,
1619 1043 1679 1120 qvi
1697 1051 1877 1104 consonat

236 1149 442 1212 inducam
457 1141 681 1224 hyperbolaeon.
728 1136 816 1202 Haec
837 1137 920 1202 enim
940 1134 1112 1202 diductis
1134 1133 1246 1201 litteris
1270 1155 1404 1200 excussa
1418 1132 1521 1200 ¹verbs
1532 1145 1584 1201 aut
1594 1137 1708 1204 similia
1718 1138 1877 1207 excidisse

237 1257 269 1313 st
281 1248 378 1312 totins
395 1241 625 1309 locisententia
639 1248 671 1304 et
685 1238 837 1326 particula
857 1240 918 1322 μὲν
938 1237 1100 1327 probatur,
1123 1259 1202 1324 quae
1224 1235 1364 1323 alioquin
1386 1255 1451 1301 non
1473 1236 1579 1320 babet,
1602 1241 1652 1304 cni
1672 1240 1876 1327 respondeat.

237 1366 284 1432 Ita
306 1362 558 1450 Hypophrygius
588 1359 644 1443 (D
665 1358 772 1444 molle)
802 1367 924 1424 acutum
954 1356 1078 1444 quidem
1099 1377 1208 1422 versus
1235 1352 1402 1441 usquead
1429 1365 1522 1422 neten
1544 1355 1785 1446 hyperbolaeon
1815 1346 1897 1446 (d),

237 1469 365 1548 canitur,
388 1463 446 1532 sed
467 1485 561 1551 grave
582 1482 688 1527 versus
711 1481 776 1525 non
799 1459 878 1524 ultra
899 1470 1072 1546 parypaten
1092 1457 1236 1544 hypaton
1258 1457 1346 1542 (F),
1376 1477 1456 1544 quae
1478 1469 1633 1526 consonat
1652 1460 1755 1527 Dorio
1783 1484 1875 1550 pres·

236 1570 495 1657 lambanomen03
523 1572 632 1631 contra
653 1560 854 1643 Mixolydius
881 1562 928 1647 (B
949 1562 1050 1647 mous)
1076 1561 1110 1625 in
1135 1581 1230 1673 grave
1248 1579 1324 1625 sane
1345 1580 1444 1647 usque
1465 1558 1506 1626 ad
1532 1561 1874 1648 proslambanomenon

237 1688 311 1775 (B),
334 1686 390 1754 sed
412 1685 445 1752 iu
466 1693 588 1752 acutum
609 1702 675 1748 non
696 1680 778 1747 ultra
799 1690 892 1746 neten
914 1678 1158 1765 diezeugmenon
1181 1677 1260 1765 (f),
1288 1698 1367 1765 quae
1388 1695 1543 1746 consonat
1564 1681 1682 1747 Dorise
1703 1693 1794 1749 netae
1816 1681 1873 1767 lry-

237 1790 445 1879 perbolaeon.
490 1786 549 1852 His
568 1786 611 1850 ita
628 1783 804 1851 constitutis
820 1781 974 1848 Aristides
993 1781 1095 1862 docet,
1118 1778 1387 1868 quemadmodum,
1410 1781 1436 1845 si
1459 1782 1527 1868 quis
1542 1783 1725 1850 cantilenam
1739 1785 1874 1873 aliquam

237 1882 351 1972 audiat,
373 1889 501 1957 modum
523 1889 589 1954 eius
610 1887 748 1974 reperire
767 1885 886 1972 possit,
909 1894 1010 1950 utrum
1031 1883 1149 1949 Dorius
1171 1883 1226 1964 sit,
1255 1903 1295 1948 an
1317 1881 1585 1970 Hypophrygius,
1616 1907 1656 1953 au
1684 1888 1753 1974 quis
1782 1888 1872 1955 alius

236 1997 280 2062 Et
301 1995 379 2060 haec
401 1990 510 2058 eadem
532 1990 611 2055 ratio
635 1998 692 2069 est,
713 1999 806 2075 atque
825 2008 872 2067 ea,
896 2007 958 2074 qua
977 1984 1076 2052 hodie
1097 2007 1223 2074 qnoque
1245 1984 1290 2050 uti
1312 1984 1455 2050 homiues
1477 2007 1571 2072 saepe
1592 1988 1874 2071 animadvertimus,

236 2100 306 2186 qni,
335 2117 429 2184 quum
451 2094 565 2173 sciant,
601 2113 692 2178 quem
719 2112 830 2156 sonum
855 2110 937 2154 voce
963 2088 1057 2153 edere
1083 2088 1296 2173 gravissimum
1322 2088 1461 2174 possint,
1495 2090 1666 2157 cantilenae
1694 2092 1874 2180 primarium

237 2221 360 2279 sonum,
384 2219 402 2263 e
423 2194 579 2261 melodiae
600 2205 709 2259 natura
731 2191 822 2258 lacile
843 2200 1014 2277 repertum,
1043 2199 1171 2271 canunt,
1200 2201 1231 2257 et
1253 2190 1368 2256 deinde
1389 2211 1430 2255 ax
1452 2209 1507 2271 eo,
1534 2192 1584 2257 vel
1606 2194 1633 2259 si
1653 2195 1745 2260 nimis
1768 2197 1873 2282 gravis

238 2303 289 2382 sit,
312 2322 331 2365 c
351 2297 523 2386 superiore,
546 2296 573 2360 si
595 2294 686 2360 nimis
709 2304 826 2373 acutus,
849 2315 890 2357 ex
910 2292 1059 2358 inferiore
1082 2293 1148 2359 eius
1172 2302 1296 2373 octava,
1318 2293 1402 2358 netis
1424 2291 1595 2357 intervallis
1618 2294 1776 2382 usquead
1804 2318 1872 2383 gra·

236 2400 396 2468 vissimum
418 2418 492 2463 suae
512 2394 601 2461 vocis
623 2416 735 2461 sonum
757 2394 983 2459 descendentes
1004 2394 1097 2459 facile
1118 2393 1192 2459 inde
1214 2393 1399 2479 intelligunt,
1423 2394 1492 2480 quis
1513 2393 1605 2460 srterit
1626 2397 1680 2462 ille
1699 2399 1872 2466 cautilenae

237 2501 400 2595 primarius
422 2519 531 2577 sonus,
553 2493 637 2561 unde
659 2493 852 2561 modulando
874 2494 1008 2580 profecti
1030 2496 1101 2561 sint
1148 2501 1261 2577 Quare,
1291 2497 1405 2584 inquit,
1433 2503 1477 2562 ite
1496 2520 1607 2581 quoquc
1628 2511 1656 2566 ct
1677 2506 1755 2566 voca
1778 2512 1808 2568 ct
1829 2509 1872 2569 ia·

236 2615 463 2674 maestorum
483 2604 597 2665 enatam
617 2604 710 2664 modas
730 2598 963 2680 negauimus,
994 2603 1036 2675 εἰ,
1065 2604 1245 2682 mantenano
1271 2605 1377 2664 caraci
1402 2620 1473 2663 tmw
1497 2602 1788 2681 proalnmbaaomeao
1810 2610 1873 2671 cius

238 2711 382 2784 subiecto,
406 2703 426 2767 i.
449 2725 476 2767 e.
498 2709 665 2789 postquam
687 2699 864 2788 primarium
886 2696 1043 2764 melodiae
1064 2721 1176 2765 sonum
1198 2722 1217 2765 a
1237 2701 1419 2785 gravissimo
1442 2701 1508 2766 eius
1536 2723 1618 2767 sono
1645 2701 1873 2772 descendentes

237 2806 488 2903 quaesiverimus,
511 2826 571 2883 cor,
593 2810 645 2888 qui
662 2806 741 2872 tuac
762 2812 933 2886 sanamur,
955 2807 986 2867 t'a
1006 2823 1103 2884 graec
1124 2800 1348 2879 descendentes
1369 2805 1599 2883 monumentum
1625 2812 1729 2891 quodsi
1748 2811 1873 2876 αἱέεήω
1946 2831 1951 2841 ·

236 2917 406 2985 dmcerrdcrc
426 2929 613 2992 ammanus,
635 2907 750 2971 Dorias
770 2908 873 2969 modus
893 2909 960 2983 ent,
981 2910 1052 2989 quin
1071 2909 1123 2989 qui
1140 2909 1367 2987 primasuadira’
1376 2914 1473 2987 potest
1488 2927 1579 2971 sonas
1594 2906 1729 2989 (scilicet
1750 2931 1872 2991 eorum,

237 3015 290 3101 qui
311 3032 407 3076 voce
429 3009 589 3073 humana
610 3006 758 3088 eduntur)
773 3006 814 3091 ¹¹)
836 3011 868 3070 ia
887 3007 983 3072 Dorio
1001 3009 1291 3095 proslambanomene
1301 3011 1396 3072 amem
1408 3009 1503 3075 ledet.
1545 3012 1599 3074 bl‘a
1619 3023 1715 3078 onem
1730 3016 1876 3079 mutar

237 3116 279 3197 (i.
302 3135 328 3178 e.
352 3123 414 3177 tam
437 3129 569 3187 sonore,
597 3117 631 3172 ut
656 3105 784 3171 ulterius
807 3104 996 3171 descendere
1016 3127 1127 3172 vocem
1150 3128 1245 3192 posse
1270 3105 1479 3193 intelligatur)
1506 3117 1675 3179 ccammcrc
1692 3115 1874 3194 medemur,

235 3227 344 3301 quanto
363 3216 477 3277 acutior
497 3216 536 3274 sit
556 3210 653 3274 Don'o
670 3209 971 3291 prmlembmomeno,
994 3213 1045 3290 qur·
1064 3220 1108 3273 cst
1128 3220 1238 3274 amara
1259 3208 1296 3292 (i.
1314 3228 1341 3276 e.
1363 3209 1533 3277 secundum
1555 3213 1737 3280 humanae
1758 3215 1872 3282 vocis

237 3314 393 3399 natrnam)
415 3315 613 3395 grennones
634 3308 722 3393 (nam
743 3327 804 3394 pro
821 3308 1015 3390 βαρυτέρου,
1036 3329 1116 3395 qnae
1137 3307 1232 3375 codd.
1253 3309 1407 3397 scriptura
1426 3323 1474 3377 est
1494 3312 1548 3380 lin.
1576 3319 1632 3397 ll,
1655 3316 1872 3401 reponendum

237 3416 359 3484 videtur
381 3409 612 3497 napvroisov);
641 3422 728 3495 nque
749 3414 800 3477 illc
822 3407 993 3475 cantilenae
1014 3412 1216 3492 assignabitur
1236 3435 1257 3478 a
1278 3414 1360 3478 nolu
1377 3419 1491 3493 modus,
1513 3424 1565 3502 qai
1582 3416 1649 3503 (vel
1661 3418 1766 3504 potius
1782 3421 1871 3486 cuins

235 3513 588 3607 proslambanomenos)
610 3514 707 3579 Dorio
726 3513 1016 3596 proslambanomene
1037 3522 1118 3576 tuate
1139 3517 1252 3579 acutior
1273 3526 1333 3594 cst,
1360 3527 1467 3600 quanto
1492 3526 1688 3601 mecummet
1708 3525 1872 3588 emesenae

236 3642 326 3686 senua
347 3622 398 3683 tuo
418 3629 528 3681 natura
548 3621 725 3698 marsnam
738 3635 809 3679 sono
825 3618 941 3679 mutim
952 3625 1087 3696 repertas
1097 3612 1209 3695 fucrit.
1252 3616 1360 3703 Itaque
1372 3619 1569 3703 gravissimus
1587 3620 1758 3686 cantilenae
1771 3644 1870 3689 sonus

235 3723 298 3788 hoc
313 3721 387 3786 loco
400 3739 475 3799 non,
499 3727 650 3804 utsupra,
671 3714 698 3779 is
716 3725 882 3795 estsonns,
906 3735 996 3802 quem
1009 3713 1162 3780 cantilena
1171 3717 1384 3801 gravissimum
1405 3723 1511 3806 tangit,
1534 3721 1591 3787 sed
1613 3724 1774 3810 primarius
1789 3725 1870 3791 eius·

237 3825 323 3906 dem,
348 3841 437 3910 quem
459 3815 630 3898 Aristides,
653 3837 747 3903 quum
769 3827 859 3881 antea
881 3838 950 3881 cum
973 3816 1139 3883 descendet
1218 3822 1438 3906 agravissimo
1462 3824 1633 3890 cantilenae
1656 3848 1737 3893 sone
1760 3832 1871 3915 quaeri

235 3937 266 3993 et
287 3925 360 3991 ideo
384 3921 472 4011 qnasi
494 3919 586 3989 adiici
609 3919 638 3984 ai
659 3919 810 3998 iussisset,
832 3915 924 3983 facile
946 3918 986 3985 ad
1008 3941 1075 3984 eam
1096 3920 1366 4009 pertmeredicere
1383 3925 1493 4011 potnit
1536 3930 1573 3994 Si
1586 3950 1655 3996 ocra
1672 3935 1872 4013 masmae

234 4032 396 4094 mutilatae
416 4047 505 4091 sonas
525 4028 568 4088 ito
588 4027 742 4088 aaaron
763 4021 854 4085 Doni
872 4026 951 4091 medi
970 4033 1101 4088 manem
1124 4019 1270 4107 (primam
1293 4024 1413 4101 scilicet
1433 4027 1499 4095 sive
1515 4028 1703 4110 inferiorem,
1727 4040 1870 4120 utsupra

236 4127 387 4195 monitum
410 4126 474 4211 est)
496 4137 529 4192 at
550 4146 587 4191 ea
606 4131 722 4190 aerdicr
742 4129 791 4201 ait,
813 4122 953 4204 Meiere
974 4130 1038 4190 eius
1056 4135 1175 4206 sumpta
1196 4136 1308 4204 ccmo,
1332 4134 1441 4211 eadem,
1461 4144 1646 4216 quomoenw
1660 4138 1733 4212 disi,
1755 4142 1871 4202 mone

234 4234 432 4304 minat,
455 4229 474 4290 i.
497 4247 524 4291 e.
547 4224 689 4307 modum,
711 4229 871 4299 semileter
881 4226 980 4308 focale
999 4232 1184 4317 reperiemus.

233 4392 432 4415 Ρ,...-----ι-σ-

233 4485 278 4549 Η)
299 4479 340 4534 Dc
358 4475 413 4532 sola
432 4477 501 4531 enirn
524 4475 636 4533 lrnmnna
659 4497 723 4536 vtica
742 4487 768 4532 rt
785 4479 842 4534 rius
859 4477 958 4533 ambitu
976 4477 1026 4533 boe
1044 4476 1102 4533 loco
1125 4481 1223 4552 agitur,
1249 4499 1299 4536 non
1323 4481 1357 4538 dc
1379 4484 1478 4541 evnlritn
1500 4491 1649 4559 spati-ruatis
1673 4490 1799 4547 universi.
1822 4491 1868 4544 ubi

299 4583 377 4618 nertio
395 4559 499 4627 dixerit,
518 4560 584 4618 alios
601 4561 694 4618 modos
712 4566 825 4635 integros
843 4563 911 4629 crui,
930 4561 995 4618 alios
1012 4580 1063 4617 non
1080 4566 1206 4636 integram
1224 4569 1268 4642 qni
1284 4568 1353 4622 enisu
1371 4571 1427 4624 soni
1446 4589 1511 4624 roes
1522 4591 1572 4627 uon
1587 4583 1720 4642 canuntur,
1739 4585 1871 4631 canuntur

299 4647 487 4712 instrumentis,
506 4665 615 4720 quorum
632 4665 695 4702 sanc
713 4648 881 4721 gravissimus
897 4666 976 4702 sonus
994 4657 1034 4702 cst
1051 4645 1218 4725 lippodorius
1237 4649 1521 4726 proslambanomenos,
1540 4668 1661 4735 utsupra
1680 4662 1807 4715 monitum
1825 4670 1870 4716 ast

299 4756 324 4807 p,
344 4738 366 4786 t.
402 4727 485 4784 Vides
509 4729 549 4784 liis
573 4732 685 4786 maxime
708 4731 795 4785 veritis
822 4749 899 4785 secus
922 4728 1062 4786 intellectis
1085 4730 1230 4788 lisnuelam
1253 4743 1278 4787 at
1301 4731 1469 4794 llribomiurn
1493 4752 1637 4797 corrrmotos
1654 4762 1727 4810 esse,
1752 4752 1782 4799 ut
1806 4740 1870 4816 Hp·

297 4815 467 4894 podoriurn
486 4812 591 4870 rrrodurn
610 4834 657 4892 pro
676 4813 776 4871 Dorio
795 4812 854 4869 huic
874 4816 920 4870 toti
939 4813 996 4870 loco
1014 4817 1109 4892 ultique
1128 4816 1304 4874 obtruderent.
