4236 5580
966 338 1119 474 ju—

235 545 286 611 78.
311 540 436 634 Ἀγωγὴ
463 542 621 630 προςεχὴς
646 540 712 613 ἀπὸ
738 545 803 612 τῶν
829 545 1018 632 βαρυτέρων
1046 542 1132 625 ὁδός·
1163 540 1331 628 [ἀνάλυσις
1357 544 1392 609 δὲ
1418 540 1456 609 τὸ
1485 544 1656 625 ἐναντίον]
1694 539 1715 623 ἢ
1746 544 1871 624 κίνησις

234 645 401 740 φθόγγων
422 654 456 715 ιν
477 652 660 736 βαρυτέρου
681 643 787 715 τόπου
809 649 863 713 ἐπὶ
883 642 1046 731 ὀξύτερον·
1069 646 1226 728 ἀνάλυσις
1247 649 1282 714 δὲ
1307 643 1513 714 τούναντίον.
1561 642 1630 722 Τάς
1657 640 1790 730 ἀγωγάς
1817 649 1871 712 καὶ

234 749 294 828 τάς
315 747 484 830 ἀναλύσεις
506 752 554 818 δεῖ
573 751 730 836 μελῳδεῖν
751 753 952 830 ἐκτείνοντας
968 751 1098 835 μᾶλλον
1110 745 1217 837 καὶμὴ
1231 747 1457 839 βραχύνοντας
1468 743 1546 828 τοὺς
1559 747 1748 837 φθόγγους·
1770 746 1792 828 ἡ
1806 747 1869 835 γάρ

235 857 379 940 ίμμονος
399 850 508 920 αὐτοῖν
528 856 583 919 καὶ
605 857 834 939 έπιμηκεστέρα
856 849 1037 938 ἐκφάνησις
1057 850 1288 942 ἀκριβεστέραν
1309 851 1350 945 τῇ
1372 847 1457 945 ἀκοῇ
1478 849 1646 938 πορίζεται
1667 848 1732 932 τὴν
1753 853 1869 937 κρίσιν.

304 988 347 1046 78.
362 983 381 1057 'l
398 992 494 1058 κίνησις
509 991 575 1045 Pur·
593 1015 627 1030 -
644 992 756 1061 έμμονσς
777 982 846 1043 attat
862 988 897 1047 B.
915 1008 945 1063 p.
962 1009 989 1044 π.
1006 1017 1040 1029 -

236 1289 292 1346 dixi
308 1287 435 1364 syllable,
454 1300 482 1347 et
498 1292 628 1371 appositis
645 1289 710 1347 inira
728 1290 952 1349 tetrachordorum
969 1291 1133 1358 unmluibua;
1148 1287 1230 1347 altera
1250 1291 1335 1349 minus
1352 1292 1431 1349 trium
1447 1286 1675 1348 tetrachordorum
1690 1299 1871 1366 repraesenta·

237 1385 280 1432 tur
296 1385 419 1450 systema,
437 1378 622 1455 superscriptio
639 1379 762 1446 numeria,
781 1366 876 1456 quibua
893 1376 988 1454 singuli
1005 1378 1063 1434 soni
1079 1377 1267 1454 exprimuntur,
1284 1378 1317 1443 si,
1332 1375 1429 1433 tributo
1446 1375 1615 1452 gravissimae
1632 1371 1749 1430 chordae
1761 1391 1870 1430 numero

235 1462 301 1527 192,
318 1461 427 1518 acutiori
448 1464 543 1540 cuique
560 1480 625 1518 sono
643 1461 755 1517 maiores
772 1463 921 1520 tribuuntur
937 1462 1053 1529 numeria
1080 1480 1146 1538 quaa
1164 1459 1394 1538 exprimendorum
1418 1461 1533 1518 numeris
1555 1478 1679 1517 sonorum
1702 1459 1770 1515 ratio
1792 1459 1870 1515 naita-

235 1547 286 1601 tior
303 1544 438 1602 veteribus
456 1555 505 1614 est,
523 1544 601 1623 quam
620 1546 701 1604 altera
719 1546 773 1615 illa,
792 1567 850 1624 qua,
868 1551 994 1627 spectetis
1012 1545 1168 1604 chordarum
1187 1543 1400 1618 longitudinibus,
1423 1547 1536 1602 minores
1553 1545 1714 1602 acutioribus
1730 1544 1805 1600 sonia
1820 1563 1870 1601 uu·

236 1631 301 1686 meri
323 1629 490 1706 respondent.
524 1630 563 1688 Eo
584 1633 661 1707 igitur
683 1650 849 1690 numeromm
870 1654 932 1701 usu,
954 1635 999 1712 qui
1017 1632 1068 1690 hoc
1085 1630 1144 1688 loco
1161 1641 1189 1686 et
1205 1630 1269 1686 alias
1285 1629 1441 1710 plerumque
1459 1629 1530 1709 apud
1547 1640 1650 1686 veteres
1667 1631 1812 1706 reperitur,
1833 1631 1870 1685 vi·

236 1713 369 1772 brationes
386 1715 543 1784 iudicantur,
562 1737 629 1794 quac
648 1715 741 1773 eodem
757 1718 883 1795 temporis
899 1721 984 1796 spatio
1002 1718 1149 1776 crebriores
1167 1717 1322 1774 acutiorem.
1341 1718 1452 1772 rariores
1469 1717 1613 1792 graviorem
1632 1713 1752 1771 efficiunt
1768 1734 1869 1782 sonum,

236 1809 265 1856 nt
281 1801 410 1857 inversam
427 1802 552 1857 rationem
570 1803 662 1859 rationi
679 1801 868 1877 longitudinum
885 1803 1037 1882 praebeant.
1069 1800 1185 1870 Etenim,
1210 1821 1290 1878 quum
1308 1800 1437 1867 chordae,
1461 1821 1554 1857 sonum
1571 1821 1586 1855 u
1603 1801 1736 1867 canentis,
1757 1798 1872 1856 dodrans

235 1886 368 1955 sonnms
379 1884 453 1953 edat,
475 1884 541 1943 illud
559 1907 574 1942 c
591 1889 693 1942 inversa
711 1888 810 1943 ratione
831 1899 885 1945 tres
908 1888 992 1945 ellicit
1013 1887 1172 1945 vibrationes
1196 1905 1227 1941 eo
1251 1888 1377 1964 temporis
1400 1896 1547 1955 momento,
1569 1904 1621 1962 quo
1644 1904 1727 1942 sonna
1740 1886 1774 1956 s
1789 1885 1872 1942 efficit

236 1980 356 2046 quatuor·
391 1969 422 2027 ln
440 1990 472 2026 eo
490 1981 576 2027 tamen
595 1971 765 2028 vehemcuter
782 1984 870 2029 erraut
887 1984 1002 2041 veteres,
1025 1969 1111 2050 qnod,
1134 1970 1179 2026 ubi
1197 1971 1330 2044 graviores
1347 1991 1425 2027 sonos
1443 1970 1601 2038 minoribus,
1618 1974 1751 2028 acutiores
1768 1973 1872 2027 maiori·

235 2053 286 2110 bus
309 2058 424 2112 numeris
446 2057 608 2134 exprimunt,
630 2055 759 2137 pondera,
787 2058 882 2135 quibus
905 2056 1019 2115 chordae
1048 2054 1228 2125 intendantur,
1258 2054 1367 2112 indicari
1393 2055 1447 2112 illis
1472 2063 1577 2134 putant,
1603 2053 1677 2112 velut
1704 2057 1871 2113 Aristides

235 2159 295 2220 pag.
313 2143 363 2196 112
381 2152 407 2198 ει
424 2144 487 2197 11³:
506 2140 624 2210 λαβόντες
642 2136 687 2196 oda
704 2140 751 2195 driu
767 2140 872 2215 χορδάς,
891 2137 943 2196 ἀπό
960 2141 1081 2214 μονάδων
1098 2139 1227 2212 (μονάδος
1244 2141 1301 2196 οοό.
1319 2140 1393 2219 Lips.
1411 2152 1438 2197 et
1455 2139 1556 2211 Onon.)
1575 2133 1721 2212 ἇρὲάμενοι,
1740 2147 1872 2195 συνετίθει

236 2245 284 2278 σαν
297 2223 358 2285 τοὺς
376 2219 515 2297 ἀριθμοὺς,
532 2233 558 2280 is
573 2232 620 2297 μιν
636 2229 681 2297 τῆς
698 2231 781 2300 ἑτέρας
796 2236 860 2299 μίαν
878 2223 955 2297 ὁλκήν
971 2224 1162 2300 ἐξαρτήσαντες,
1183 2232 1208 2278 ικ
1225 2226 1420 2295 disciplinaruris
1437 2223 1498 2278 δύο·
1515 2228 1558 2278 και
1574 2224 1621 2284 τάς
1638 2219 1786 2297 ἀμφοτέρας
1801 2225 1871 2295 πλή-

235 2311 320 2370 ξαντες
339 2306 385 2378 τὴν
408 2307 450 2363 διὰ
472 2312 560 2364 πασῶν
580 2318 729 2383 συμφωνίαν
750 2309 838 2384 εὖρον,
860 2317 904 2366 καί
924 2311 1019 2382 ταύτην
1041 2317 1066 2365 ιν
1089 2313 1233 2364 διπλασίονι
1254 2307 1320 2379 λόγῳ
1342 2306 1475 2377 τυγχάνειν
1496 2302 1676 2380 ἀπεφήναντο·
1698 2307 1776 2363 πάλιν
1799 2312 1872 2370 dii}

236 2388 314 2461 ἄλλης
329 2403 395 2465 τρεῖς
412 2390 487 2454 ὁλκὰς
503 2389 688 2464 ἀποάήσαντες,
705 2400 747 2449 καί
765 2397 950 2468 καθαψάμενοι
965 2400 1011 2467 τῆς
1027 2397 1131 2468 χορδῆς,
1150 2392 1213 2466 πρὸς
1229 2390 1262 2463 ἢν
1278 2401 1325 2466 μιν
1341 2390 1416 2466 εὖρον
1439 2387 1518 2462 αὐτὴν
1539 2388 1656 2462 effluimus
1676 2392 1707 2446 ud
1727 2393 1771 2448 tut
1788 2401 1873 2460 πέντε,

235 2476 299 2550 πρὸς
316 2480 343 2531 ιι
359 2477 406 2548 τὴν
423 2477 523 2552 πρώτην
539 2477 569 2532 τὰ
588 2476 631 2532 διὰ
648 2482 735 2533 ποσῶν
751 2486 795 2534 και
813 2479 856 2535 διά
872 2489 944 2535 πέντε
961 2492 1012 2539 etc.
1039 2481 1125 2556 Atque
1144 2481 1278 2536 notissima
1295 2488 1335 2536 est
1353 2477 1396 2534 illa
1416 2478 1449 2534 dc
1467 2476 1560 2535 barum
1577 2480 1706 2537 rationum
1719 2481 1873 2538 inventione

235 2559 332 2630 fabula,
350 2563 445 2621 tradita
463 2585 477 2621 a
494 2562 692 2623 Nicomacho
709 2585 735 2641 p.
755 2567 876 2635 10-11,
895 2565 1084 2624 Gaudentio
1102 2585 1128 2642 p.
1139 2566 1258 2630 13-14,
1275 2561 1416 2618 Boethio
1432 2562 1492 2620 libr.
1503 2565 1529 2634 1,
1547 2583 1604 2642 cap.
1618 2567 1659 2634 lt),
1676 2564 1872 2632 Censorino,

237 2667 293 2726 cap.
305 2650 346 2714 10,
362 2647 539 2719 lllacrobio,
556 2669 639 2707 somn.
650 2648 724 2729 Scip.
741 2648 837 2719 libr.2,
856 2671 912 2730 cap.
924 2653 950 2721 l,
967 2647 1167 2717 Iamblicho,
1184 2650 1234 2707 vita
1245 2647 1355 2724 Pythag.
1374 2668 1431 2727 cap.
1440 2649 1482 2713 26,
1498 2648 1544 2704 ubi
1562 2647 1767 2725 Pythagoras,
1782 2670 1871 2727 quum

190 2791 193 2803 ,
235 2733 263 2790 iu
279 2732 384 2791 cilicina
402 2737 509 2793 ferraria
526 2734 680 2792 malleorum
698 2716 816 2793 divelsos
834 2757 913 2794 sonos
931 2735 1087 2805 audivisset,
1110 2734 1212 2791 diversa
1230 2733 1334 2790 illorum
1351 2733 1469 2811 pondera
1486 2753 1591 2792 eausam
1611 2755 1669 2793 essa
1688 2744 1772 2804 ratus,
1793 2739 1872 2814 peri·

236 2817 324 2877 culum
341 2819 436 2877 iecisse
454 2821 550 2880 dicitur
566 2824 592 2879 in
610 2820 765 2898 aequalibus
783 2820 903 2889 chordis,
926 2842 1006 2899 quac,
1022 2820 1134 2879 diversis
1150 2819 1312 2900 ponderibus
1328 2820 1461 2887 intensae,
1484 2830 1606 2889 octavae,
1622 2822 1740 2897 quintae,
1758 2832 1873 2897 quartae

235 2903 382 2970 intervalla,
398 2906 543 2984 ponderum
553 2908 696 2964 rationibus
714 2908 728 2961 l
747 2928 754 2962 a
771 2909 799 2971 2,
816 2910 833 2962 2
851 2930 858 2964 a
874 2910 901 2975 3,
917 2909 936 2963 3
953 2928 960 2963 :
977 2909 995 2961 t
1012 2907 1205 2983 respondentia,
1222 2904 1376 2962 edidissent.
1402 2903 1479 2977 Quae
1496 2907 1602 2962 omniuo
1619 2905 1685 2963 lalsa
1700 2915 1771 2976 aunt,
1787 2927 1873 2985 quum

234 2989 261 3046 lu
279 2989 473 3048 intervallorum
487 2993 631 3049 rationibus
648 3012 699 3049 uon
717 2990 770 3049 illis
786 2991 977 3069 longitudinum
996 2991 1152 3050 chordarum
1176 2992 1291 3049 numeris
1309 2991 1388 3065 ipsis,
1411 2990 1459 3047 sed
1482 2990 1616 3070 quadratis
1637 3010 1728 3049 eorum
1752 2991 1873 3071 pondera

236 3073 348 3132 chordas
367 3075 525 3133 intendentia
543 3077 726 3154 respondeant.
760 3076 828 3134 Nam
847 3098 969 3135 numerus
986 3079 1173 3147 vibrationuua,
1195 3098 1261 3155 quas
1277 3074 1458 3132 termillesima
1479 3077 1671 3133 sexcentesima
1693 3076 1772 3135 boras
1793 3088 1874 3154 parte

237 3162 372 3226 (Secunde
389 3159 468 3215 hodie
486 3164 593 3231 vocata)
617 3161 714 3218 chorda
739 3163 839 3218 intensa
862 3174 889 3218 et
910 3162 1022 3240 impulsa
1044 3165 1119 3231 lacit,
1146 3162 1188 3218 his
1210 3172 1320 3239 quatuor
1340 3162 1456 3219 numeris
1477 3162 1602 3218 efficitur:
1624 3164 1738 3240 primum
1760 3181 1874 3220 numero

235 3242 346 3321 pedum,
365 3264 431 3322 quos
450 3264 545 3322 corpus
563 3245 681 3323 aliquod,
700 3246 745 3303 ubi
764 3248 877 3324 primurn
895 3246 975 3303 nullis
992 3248 1188 3326 impedimentis
1206 3257 1333 3304 retentum
1352 3246 1447 3304 cadere
1465 3247 1565 3325 eoepit,
1583 3247 1678 3304 eadem
1695 3245 1742 3304 illa
1761 3249 1873 3306 minima

236 3326 316 3384 borac
333 3340 408 3404 parte
426 3328 545 3385 cadendo
563 3333 704 3407 percurrlt3
727 3334 771 3409 qui
789 3351 923 3396 numerus,
945 3351 994 3409 pro
1013 3331 1124 3389 diversis
1143 3343 1227 3387 terrun
1245 3332 1394 3403 regionibns
1411 3329 1545 3410 paululum
1570 3330 1705 3398 diversus,
1727 3333 1799 3412 apud
1824 3354 1874 3393 noa

236 3424 278 3470 est
297 3416 353 3484 153,
376 3413 471 3470 deinde
495 3413 656 3489 longitudine
681 3414 810 3476 chordae.
832 3437 909 3494 quam
931 3436 1059 3492 ponamus
1077 3438 1112 3465 =
1129 3415 1168 3486 La
1192 3428 1246 3474 tum
1264 3417 1380 3495 pondere
1398 3420 1468 3488 eius,
1488 3418 1601 3496 denique
1618 3439 1651 3474 eo
1668 3419 1800 3498 pondere,
1819 3442 1873 3498 quo

236 3499 392 3567 intenditur;
410 3519 521 3576 quorum
538 3501 560 3555 si
578 3497 628 3556 boc
646 3522 680 3548 =
698 3499 727 3568 Ρ,
744 3499 809 3557 illud
827 3522 862 3549 =
878 3523 896 3582 p
915 3522 1052 3578 ponamus,
1070 3522 1193 3558 numerus
1211 3502 1384 3558 vibratiouurn
1404 3501 1507 3561 illarum
1525 3514 1566 3560 est

800 3622 956 3706 iffffl
1094 3625 1166 3708 ιιῖι)
1304 3626 1380 3694 ils-P

717 3648 1020 3802 =l-r,-=
1094 3703 1229 3802 'ii‘
1303 3710 1388 3802 nv·

165 3851 170 3871 ¹
237 3840 324 3917 Quem
346 3860 481 3898 numerum
501 3851 610 3919 apparet
628 3837 770 3918 duplicari,
792 3840 837 3895 uhi
861 3852 904 3897 aut
921 3838 943 3897 P
964 3841 1006 3898 bis
1029 3840 1190 3920 duplicatur,
1214 3853 1258 3899 aut
1275 3841 1316 3920 Lp
1333 3841 1376 3899 his
1394 3841 1559 3910 dimidiatur,
1581 3847 1644 3902 item
1662 3846 1807 3924 triplicari,
1826 3850 1873 3907 ubi

236 3937 281 3982 ant
302 3924 380 3983 Pter
398 3928 555 4005 triplicatur,
579 3937 622 3983 aut
639 3923 680 4004 lap
703 3928 730 3981 in
752 3936 791 3982 ter
814 3936 899 3982 ternas
921 3936 1009 4003 partes
1031 3927 1168 3994 dividitur,
1192 3937 1218 3982 et
1240 3929 1279 3982 sic
1302 3947 1392 4003 porro;
1410 3939 1498 3984 contra
1517 3929 1600 3986 dividi
1617 3951 1677 3988 eum
1701 3952 1734 3987 eo
1757 3954 1872 3991 numero

236 4023 351 4090 apparet,
369 4014 443 4069 cuius
461 4012 587 4090 quadrato
606 4020 650 4067 aut
665 4031 788 4067 uumerus
807 4009 829 4067 P
847 4011 981 4071 dividitur,
999 4023 1044 4069 aut
1060 4010 1102 4092 Lp
1121 4010 1316 4090 multiplicatur.
1346 4013 1401 4069 lam
1414 4034 1484 4080 vero,
1506 4036 1585 4093 quum
1596 4027 1669 4072 aucta
1682 4017 1724 4074 vel
1739 4017 1870 4079 diminuta

237 4094 350 4151 chordae
377 4095 538 4172 longitudine
560 4096 662 4176 pondos
685 4098 742 4152 eius
765 4096 843 4153 simul
868 4117 951 4175 aequa
977 4108 1101 4174 augentur
1124 4097 1166 4154 vel
1185 4097 1356 4164 diminuatur,
1379 4097 1526 4177 duplicatae
1545 4099 1674 4166 chordae,
1690 4105 1793 4182 quippe
1812 4127 1872 4182 qua,

225 4174 321 4257 'aeque
337 4200 444 4237 numero
463 4181 484 4238 L
502 4203 533 4239 ac
551 4202 658 4240 numero
676 4203 693 4259 p
712 4180 853 4261 duplicato,
870 4203 995 4239 numerus
1014 4180 1054 4262 Lp
1073 4184 1113 4239 his
1131 4182 1288 4262 duplicetur,
1311 4183 1354 4240 bis
1372 4184 1510 4263 bipartitus
1529 4205 1652 4244 numerus
1670 4186 1691 4244 P
1715 4190 1870 4268 respondet,

236 4309 255 4364 i.
273 4326 297 4363 e.
314 4328 437 4367 uumerus
454 4266 489 4405 3¹33
507 4313 570 4366 item
588 4311 730 4389 tripartitae
749 4309 875 4377 chordae,
899 4312 997 4390 quippe
1014 4331 1064 4388 qua
1082 4331 1133 4367 non
1151 4310 1229 4367 modo
1248 4309 1270 4366 L
1287 4310 1336 4367 sed
1354 4313 1433 4368 etiam
1451 4336 1469 4393 p
1488 4315 1632 4382 internas,
1657 4325 1683 4371 et
1700 4316 1762 4373 ideo
1783 4317 1826 4398 Lp
1843 4322 1871 4377 iu

238 4443 280 4492 ter
296 4445 383 4494 tenuas
399 4446 488 4511 partes
507 4436 645 4504 dividatur,
664 4447 704 4492 ter
712 4436 857 4513 triplicatus
867 4458 990 4495 numerus
1000 4437 1031 4507 P,
1049 4441 1065 4494 i.
1075 4459 1097 4494 ε.
1115 4438 1196 4495 9><P
1213 4439 1368 4518 respondete
1386 4439 1456 4497 unde
1468 4452 1585 4521 apparet,
1603 4443 1871 4517 intervallanctarae,

239 4522 355 4598 quintae,
373 4533 494 4599 quartae,
511 4524 575 4587 toni,
593 4543 672 4600 quum
691 4523 848 4581 chordarum
867 4523 1070 4600 longitudinibus
1087 4529 1104 4580 2
1122 4545 1130 4577 ε
1149 4528 1177 4590 1,
1193 4528 1211 4580 3
1228 4548 1235 4580 :
1253 4530 1283 4590 2,
1299 4527 1316 4579 l
1334 4547 1341 4581 a
1357 4528 1389 4591 3,
1407 4529 1448 4582 9:
1465 4528 1482 4582 8
1500 4528 1687 4606 respondeant,
1705 4528 1747 4586 his
1767 4531 1870 4610 ponde·

239 4607 312 4665 ribus
330 4606 444 4664 chordas
461 4607 655 4664 intendentibus
673 4607 843 4682 respondere:
865 4613 881 4664 ι
900 4631 907 4664 ε
925 4610 953 4668 1,
976 4611 1064 4675 924,
1087 4611 1120 4665 lt
1137 4630 1144 4665 a
1161 4611 1192 4670 9,
1214 4611 1247 4665 81
1268 4613 1341 4675 stit,
1364 4622 1391 4667 et
1407 4613 1446 4669 sic
1464 4618 1550 4669 cetera
1568 4615 1664 4674 omnia.
1681 4645 1716 4657 -
1734 4614 1792 4674 lam
1812 4617 1870 4682 tic,

239 4712 320 4770 quum
341 4693 439 4752 tributo
456 4695 625 4769 gravissimae
644 4693 757 4751 chordae
775 4715 881 4750 numero
900 4697 960 4759 192,
976 4693 1107 4757 nonnullis
1124 4705 1267 4751 ceterarum
1285 4694 1450 4762 chordarum,
1466 4708 1585 4755 accurate
1603 4700 1799 4772 ratiocinando,
1817 4723 1870 4761 nou

238 4779 332 4852 integri
350 4782 451 4836 numeri
470 4777 655 4859 respondeant,
673 4779 721 4835 sed
739 4777 876 4837 addendus
893 4779 1023 4838 interdum
1041 4782 1076 4837 sit
1093 4779 1189 4837 lractus
1206 4800 1342 4849 numerus,
1364 4791 1393 4839 nt
1414 4784 1439 4838 iu
1462 4803 1526 4840 sono
1547 4806 1575 4844 e,
1598 4787 1644 4862 qui
1667 4796 1710 4842 est
1729 4787 1784 4843 216
1798 4799 1822 4844 Χ
1834 4792 1872 4860 333

237 4881 273 4910 =
288 4865 359 4934 2273,
378 4877 405 4922 et
421 4863 543 4922 similiter
560 4865 586 4919 in
603 4864 734 4921 nonnullis
752 4863 821 4931 aliis,
838 4885 885 4943 pro
902 4865 945 4924 lais
962 4865 1146 4923 additamentis
1155 4867 1282 4940 integram
1294 4869 1419 4924 unitatem
1431 4889 1538 4948 semper
1545 4869 1649 4928 addidit
1659 4881 1759 4930 auctor.
1786 4873 1869 4948 Quod

236 4946 282 5007 ubi
298 4947 395 5007 lactum
412 4962 492 5021 esset,
510 4959 538 5008 ut
553 4947 630 5006 facile
647 4961 738 5027 posset
753 4949 872 5026 intelligi,
890 4949 1022 5030 duplicem
1040 4971 1206 5011 numerorum
1222 4953 1317 5011 seriem
1334 4953 1400 5011 inira
1416 4953 1509 5023 adieci,
1524 4956 1647 5033 priorem,
1664 4975 1871 5033 quasunrncroa
