4236 5580
1015 276 1073 365 58

230 509 343 575 χιοτον
369 484 406 552 cd
433 482 585 571 μαλακὸν
613 480 829 567 καλούμενον,
862 488 896 547 ἐν
922 471 949 564 ᾦ
977 476 1014 546 ιδ
1043 474 1166 548 ιιοιινδν
1192 478 1291 565 τριῶν
1311 484 1379 544 ἐστι
1401 476 1530 544 διέσεων
1552 479 1754 561 ἐναρμονίων
1778 476 1864 561 [ἀεὶ]

118 573 125 601 ’
231 615 306 678 μεῖον
323 589 596 677 δωδεκατημορίῳ
617 582 728 653 τόνου·
750 581 898 670 δεύτερον
920 584 956 650 δὲ
978 579 1015 649 τδ
1039 580 1190 670 ἡμιόλιον
1211 577 1423 666 καλούμενον·
1444 580 1545 645 τοῦτο
1566 573 1593 644 δ’
1617 584 1701 646 ἐστὶν
1722 586 1757 646 ὲν
1780 573 1807 666 ᾦ
1828 575 1867 648 τὸ

536 839 665 917 Hypaton.
804 835 903 895 lllrson.
1028 838 1230 911 Synemmenou.
1382 832 1601 907 Dicaeugmenon.
1637 830 1850 934 HQ

504 905 1582 939 wfvstvauvastx

910 1005 939 1270 Lichan«)-

956 1064 985 1228 Meae-

1026 1103 1053 1169 rit

594 1010 633 1269 parypate

670 1008 698 1271 Lichan-os

751 1039 790 1248 Hypnte

830 1021 870 1278 parypate

510 1046 548 1253 Hyp-te

430 851 460 1304 elnmbanomenos

429 1305 458 1407 ἕ

536 2807 638 2863 πυκνόν.
781 2807 884 2861 πυκνόν.
987 2807 1088 2863 πυκνόν.
1378 2809 1480 2863 πυκνόν.
1616 2805 1719 2862 πυκνόν.

306 2927 380 2986 llaec
400 2929 479 3004 igitur
495 2928 612 3007 exposita
629 2936 690 2983 suot
707 2926 740 2983 ab
759 2925 809 2983 hoc
826 2930 967 3006 scriptore,
985 2938 1049 2984 sect.
1066 2931 1109 2992 25,
1126 2928 1171 2984 ubi
1189 2928 1214 2984 in
1233 2927 1338 2984 diatono
1354 2926 1464 2984 alterans
1482 2932 1524 2981 καὶ
1540 2925 1618 2980 τόνον
1634 2924 1753 3003 parvulis
1769 2924 1876 2992 litteris,

241 3015 341 3094 quippe
358 3013 523 3070 librariorum
543 3011 619 3089 culpa
638 3013 664 3066 in
683 3011 818 3068 codicibus
836 3016 976 3082 omissum,
999 3014 1130 3069 contextui
1148 3014 1263 3070 inserere
1280 3013 1424 3083 debeham3
1447 3012 1542 3070 deinde
1560 3015 1586 3068 iu
1604 3011 1778 3078 chromatico,
1794 3009 1830 3077 si,
1846 3016 1877 3065 ut

231 3102 271 3175 ‚iu
289 3099 395 3162 ceteris.
412 3101 488 3153 onius
506 3095 665 3153 tetrachordi
682 3096 818 3153 intervalla
837 3101 950 3176 scriptor
967 3118 1119 3155 enumerare
1137 3098 1228 3169 voluit,
1245 3118 1294 3176 pro
1314 3117 1379 3153 voce
1396 3097 1490 3168 μεταξύ
1503 3097 1672 3155 scribendum
1692 3098 1716 3151 ai
1735 3104 1790 3149 erat
1807 3089 1877 3163 μετά

242 3184 330 3240 ταῦτα.
365 3180 490 3238 Ceterum
508 3200 558 3237 nou
577 3180 652 3236 aliter
669 3201 724 3237 rem
744 3193 875 3258 exponunt
893 3181 1050 3238 Euclides
1072 3202 1129 3258 pag.
1147 3185 1177 3250 3,
1199 3181 1419 3239 Nicomachus
1441 3203 1498 3260 pag.
1520 3185 1642 3250 15-16,
1666 3179 1878 3239 Gaudentius

244 3286 302 3347 pag.
318 3268 407 3333 5-6‚
433 3264 599 3321 Aristides
616 3283 674 3343 pag.
692 3266 737 3332 18,
762 3265 927 3322 Βισαλτίαν
944 3285 1001 3343 pag.
1017 3269 1048 3337 6,
1071 3265 1160 3323 Theo
1178 3267 1374 3341 Smyrnaeus
1391 3286 1449 3345 pag.
1467 3267 1592 3336 84-87,
1615 3267 1685 3346 apud
1703 3285 1785 3345 quoa,
1805 3285 1878 3342 quae

243 3362 382 3432 praeterea
401 3369 434 3407 ex
451 3348 502 3404 hec
519 3347 635 3404 doctriua
654 3350 757 3405 nomina
775 3352 951 3426 reperiuntur,
967 3372 1046 3428 quaro
1064 3349 1156 3407 eadem
1175 3351 1207 3406 ab
1226 3351 1276 3407 hoc
1292 3354 1420 3427 scriptore
1437 3353 1534 3429 passim
1553 3351 1740 3421 adhibeantur,
1757 3351 1879 3408 breviter

243 3437 288 3495 hic
305 3433 439 3493 alierenda
455 3443 524 3490 sont.
557 3431 675 3489 Extremi
691 3435 761 3490 enim
781 3435 1003 3493 tetrachordorum
1021 3438 1078 3493 soni
1097 3446 1123 3491 et
1140 3433 1431 3514 proslambanomenos,
1453 3455 1532 3512 quum
1550 3437 1577 3492 in
1594 3436 1716 3494 omnibus
1733 3434 1878 3511 generibus

244 3521 355 3580 eandem
373 3537 478 3597 semper
493 3517 638 3573 tensionem
657 3528 766 3590 teneant,
785 3521 887 3582 ἑστῶτες
903 3520 1057 3598 plerumque
1073 3531 1207 3589 vocantur,
1225 3523 1289 3585 sive,
1308 3533 1336 3578 ut
1353 3521 1595 3577 abAristoxeno
1611 3542 1669 3600 pag.
1681 3526 1716 3577 22
1730 3531 1757 3577 et
1770 3521 1876 3598 pag-24

244 3603 395 3680 ἠρεμοῦντες
412 3614 439 3661 et
457 3595 573 3670 άκλιητοι
590 3611 617 3657 et
633 3609 757 3672 percerte,
775 3606 841 3674 sive,
860 3617 888 3663 ut
906 3607 938 3662 ab
957 3605 1077 3684 Alypio
1091 3625 1149 3684 pag.
1167 3608 1192 3675 2,
1211 3599 1324 3676 άκλιιεῐς,
1342 3605 1422 3662 latine
1439 3610 1589 3674 immobiles,
1606 3609 1663 3663 aire
1680 3610 1798 3671 atahstcc,
1813 3607 1875 3662 sive

246 3695 354 3759 notati,
372 3687 469 3768 quibus
485 3685 594 3743 vocibus
611 3687 691 3743 utitur
709 3687 875 3747 Boethius.
909 3690 970 3754 Eos.
987 3702 1016 3748 ut
1033 3712 1046 3746 a
1066 3693 1159 3748 ceteris
1178 3689 1253 3746 facile
1273 3691 1503 3768 distinguerentur,
1521 3691 1662 3748 maioribus
1679 3692 1744 3748 notis
1758 3690 1877 3767 scripsit

246 3778 292 3856 qui
317 3777 386 3833 enim
407 3773 552 3832 minoribus
574 3773 690 3849 expressi
714 3783 785 3842 suot,
809 3795 888 3851 quum
911 3776 1028 3833 diversos
1051 3796 1098 3853 pro
1116 3775 1227 3833 diversis
1243 3777 1381 3851 generibus
1398 3777 1527 3854 accipiant
1543 3778 1687 3847 tensiones,
1703 3796 1718 3831 a
1735 3777 1877 3833 veteribus

248 3859 392 3934 κινούμενοι
407 3858 563 3939 plerumque
581 3867 714 3925 vocantur,
731 3861 786 3913 sive
804 3858 954 3930 φερόμενοι,
971 3871 999 3916 nt
1017 3882 1030 3916 a
1048 3861 1192 3917 Bacchio
1210 3881 1268 3940 pag.
1285 3864 1303 3918 8
1320 3872 1346 3918 et
1363 3864 1392 3929 9,
1411 3861 1443 3916 ab
1462 3860 1601 3917 Euclide
1620 3882 1676 3939 pag.
1692 3862 1735 3930 ³9,
1752 3861 1785 3917 ab
1805 3862 1876 3919 sri-

133 3969 140 3987 *
248 3945 338 4003 stidc
355 3964 414 4025 pag.
425 3948 470 4001 12:
488 3943 629 4021 Alypius
645 3944 798 4013 κεκλιμένους
815 3963 860 4000 eos
877 3955 961 4010 vocat,
978 3945 1138 4003 Boethius
1156 3951 1270 4002 mobiles.
1299 3944 1589 4002 Porronusruirdicitor
1600 3945 1774 4017 intervallum,
1795 3945 1876 4025 quud,

248 4033 421 4109 compositum
442 4029 577 4087 eduobus
594 4026 756 4103 grevioribus
773 4028 931 4085 tetrachordi
949 4029 1102 4098 intervallis,
1120 4033 1204 4088 minus
1221 4033 1333 4109 apetium
1351 4032 1494 4088 tertiosive
1512 4034 1662 4089 acutissimo
1678 4031 1770 4110 replet.
1805 4033 1876 4090 Ari-

248 4124 420 4175 stoxenus,
437 4133 497 4193 pag.
513 4116 561 4168 50:
578 4110 671 4166 πυκνὸν
688 4114 715 4165 δὲ
731 4115 843 4180 λεγέσθω
860 4119 934 4183 μέχρι
950 4112 1057 4179 τοτἰτοιι,
1074 4116 1118 4174 λ’ως
1136 4109 1167 4167 άν
1183 4121 1210 4169 ds
1226 4113 1382 4188 τετραχόρδῳ
1400 4112 1444 4167 διά
1458 4117 1587 4188 τεσσάρων
1603 4115 1808 4187 suppostorium
1824 4119 1875 4171 cais

248 4194 330 4272 ἄκρων
346 4196 379 4252 τά
397 4197 443 4253 δύο
461 4195 620 4268 διαστήματα
637 4204 789 4252 συντεθέντα
805 4198 852 4251 τοῦ
868 4196 923 4257 lade
940 4196 1031 4252 liriorta
1048 4198 1129 4253 τόπον
1146 4206 1250 4267 κατέχει.
1285 4199 1427 4256 Cretatam
1445 4221 1503 4278 pag.
1521 4207 1563 4271 24,
1582 4201 1750 4259 Bacchius
1765 4221 1822 4281 pag.
1839 4204 1875 4268 6.,

250 4283 329 4343 huius
345 4283 493 4362 scriptionis
510 4292 574 4340 sect
591 4285 632 4339 56.
667 4282 760 4360 ltaque
777 4280 871 4336 πυκνόν
888 4283 914 4339 iu
933 4282 1091 4339 chromstico
1108 4303 1203 4360 genere
1220 4285 1297 4342 unius
1314 4286 1376 4352 toni,
1394 4287 1420 4341 io
1438 4287 1587 4343 enarmonio
1604 4287 1736 4343 semitonii
1752 4286 1873 4345 interval·

248 4368 304 4428 lum
322 4368 450 4438 cundoet,
470 4370 496 4425 in
513 4367 617 4425 diatono
634 4387 686 4424 non
703 4378 802 4425 exstat:
823 4368 849 4422 iu
868 4386 899 4422 eo
917 4369 986 4424 enim
1005 4368 1064 4423 bioa
1082 4369 1306 4426 tetrachordorum
1324 4369 1459 4427 intervalla
1476 4373 1593 4446 graviora
1612 4372 1799 4430 triemitonium
1817 4371 1874 4430 effi-

249 4457 328 4524 ciunt.
346 4453 415 4533 quod
433 4455 516 4510 maius
533 4463 574 4509 est
590 4455 675 4519 tertio,
693 4453 761 4510 uode
779 4450 938 4509 Euclides
955 4472 1013 4530 pag.
1032 4456 1047 4508 7
1068 4453 1144 4512 dicit:
1162 4453 1280 4508 derisores
1298 4447 1329 4507 οὗ
1345 4461 1443 4526 μετέχει
1459 4458 1562 4514 πυκνοῦ.
1595 4455 1761 4515 Bacchius
1778 4461 1873 4537 papi:

248 4537 280 4594 τά
296 4547 384 4611 μέντοι
407 4537 525 4593 διάτονον
547 4532 608 4591 καθ’
630 4534 699 4609 ἡμᾶς
723 4533 753 4592 oo’
778 4539 927 4608 μελῳδεῖται
943 4543 969 4589 tr
985 4541 1080 4591 πυκνοῦ
1096 4539 1171 4600 τάξει.
1205 4537 1307 4596 Teroua
1324 4541 1401 4615 igitur
1417 4539 1640 4598 tetrachordorum
1661 4561 1753 4611 sonos,
1777 4544 1875 4621 quihus

249 4624 332 4681 ανκιά
347 4623 504 4691 efficiuntur,
521 4624 594 4679 uncis
613 4625 748 4688 coniunxi3
765 4641 874 4700 quorum
892 4622 1057 4698 gravissimos
1074 4643 1192 4701 quosque
1208 4621 1381 4695 respondemur
1397 4635 1510 4693 vocatos,
1530 4624 1616 4681 littera
1633 4627 1778 4702 flsignarh
1796 4639 1874 4706 atque

250 4709 331 4769 iidem
352 4719 413 4768 suut
435 4707 583 4766 immobiles
604 4710 660 4764 sire
683 4710 795 4767 ἓσιώιεςι
824 4709 870 4784 qui
895 4727 957 4764 vero
979 4707 1151 4766 immobilium
1175 4717 1273 4765 restant
1301 4727 1351 4765 ooo
1377 4710 1483 4785 signati,
1509 4710 1606 4788 quippe
1629 4711 1674 4788 eyui
1695 4732 1747 4770 uon
1770 4722 1876 4790 tangant

251 4795 354 4862 τακτόν,
372 4791 479 4849 daueros
497 4815 511 4849 a
529 4793 757 4850 veteribusvocati
775 4801 841 4856 aunt,
857 4791 1139 4870 proslambanomenos.
1155 4803 1215 4849 oete
1231 4813 1417 4868 synemmenon
1434 4804 1461 4850 et
1478 4804 1537 4850 octe
1553 4793 1760 4874 hyperbolaeon:
1777 4797 1875 4857 deiude

251 4882 296 4957 qui
313 4883 441 4938 accurres
456 4880 505 4934 τοῦ
520 4880 617 4934 καινοῦ
633 4878 700 4936 fines
717 4877 864 4937 efficientes
882 4871 1016 4937 ὄξύτοκνοκ
1032 4879 1117 4936 vocati
1133 4887 1207 4949 suut,
1229 4897 1274 4936 eos
1291 4877 1378 4937 littera
1396 4873 1411 4933 ι’
1428 4880 1543 4956 signari,
1566 4879 1679 4959 denique
1695 4879 1875 4950 intermedias.
