4236 5580
944 312 970 401 ‘i

135 515 268 584 diatono
289 514 434 602 hypaton
455 523 487 580 et
507 522 656 602 paranete
676 533 918 596 ayne-menon,
940 515 1008 582 sive
1027 514 1099 582 trite
1121 514 1365 602 diezeugmenon
1386 502 1772 621 iuissquaehenn,
1837 462 1876 535 ἱ

136 656 230 726 quse,
256 634 364 701 itidem
389 632 556 700 semitonio
583 632 759 720 graviores,
788 631 951 703 hodiernis
977 634 1062 702 notis
1088 658 1106 701 ο
1132 644 1165 702 et
1188 623 1207 702 ο
1232 635 1360 722 signavi.
1417 622 1669 725 sttat'psosm·
1694 636 1773 707 illud

135 737 280 847 pluribus
301 757 379 804 sane
398 735 585 823 argrrmentis
606 744 721 824 potest

223 889 358 958 Primum
373 890 456 959 enim
478 899 601 958 servata
622 890 715 957 nobis
737 899 810 958 aunt
827 890 887 957 tris
901 889 1036 957 mumius
1053 890 1184 969 Graeca,
1207 911 1339 979 quorum
1361 887 1491 977 singulis
1513 888 1645 973 syllabis
1667 910 1773 980 super·

135 991 268 1079 scriptae
289 1003 361 1062 sunt
382 1003 478 1063 uotae
500 993 652 1074 musicae;
683 1013 778 1058 unum
798 991 839 1060 ad
862 991 1041 1083 Calliopen,
1062 992 1192 1060 alterum
1214 991 1255 1059 ad
1276 992 1474 1082 Apollinem,
1500 994 1624 1061 tertium
1645 990 1687 1059 ad
1708 990 1773 1061 Ne

133 1095 288 1174 mesin⁸).
332 1096 428 1164 Primi
449 1095 593 1162 carminis
615 1115 712 1161 sonus
739 1095 954 1183 gravissimus,
982 1094 1077 1180 Lydii
1103 1095 1221 1184 hypate
1241 1094 1384 1184 hypaton
1412 1093 1485 1178 (“Ι)
1513 1106 1546 1163 et
1566 1095 1771 1177 acutissimus,

133 1213 205 1280 trite
226 1213 472 1307 diezeugmenon
494 1211 563 1298 (Ε)
584 1213 747 1282 includunt
767 1214 901 1302 spatium
922 1215 1003 1281 intra
1024 1216 1068 1280 H
1084 1223 1116 1281 et
1128 1202 1165 1299 ος
1193 1214 1364 1282 secundum
1385 1237 1510 1282 carmen
1530 1226 1671 1282 versatur
1692 1216 1774 1285 iutra

133 1331 231 1415 Lydii
251 1343 427 1422 parypaten
448 1332 590 1421 hypaton
612 1334 680 1414 (R)
702 1343 734 1399 et
754 1333 848 1399 triten
869 1330 1116 1420 diezeugmenon
1138 1331 1203 1418 (Ε)
1225 1335 1246 1399 i.
1262 1355 1291 1402 e.
1312 1335 1393 1401 intra
1408 1345 1548 1402 octauam
1569 1358 1586 1400 ο
1605 1345 1638 1401 et
1657 1320 1690 1415 ος
1711 1343 1772 1401 tsr·

132 1433 208 1500 tium
230 1436 312 1502 intra
335 1434 429 1519 Lydii
455 1444 627 1524 parypaten
654 1434 797 1522 hypaton
825 1435 894 1516 (R)
922 1446 954 1503 et
974 1446 1144 1525 paraneten
1166 1435 1413 1523 diezeugmenon
1441 1439 1528 1518 (Π)
1554 1438 1575 1501 i.
1597 1457 1625 1502 e.
1653 1437 1773 1503 iutrac

132 1566 165 1620 et
182 1540 212 1620 d.
267 1553 357 1621 Haeo
383 1555 475 1641 igitur
501 1554 560 1620 tria
586 1555 722 1634 carmina
754 1563 896 1621 accurate
922 1576 962 1620 eo
992 1555 1095 1644 spatio
1123 1557 1335 1638 eontinentur,
1368 1554 1456 1646 quod
1487 1575 1582 1643 supra
1608 1574 1773 1621 commune

132 1656 285 1722 humanae
305 1657 394 1723 vocis
415 1678 485 1723 esse
511 1657 760 1744 repperimus⁴).
804 1657 971 1737 Quaeritur
997 1667 1115 1740 umen,
1145 1668 1246 1726 utrum
1272 1680 1332 1748 pro
1359 1657 1542 1725 feminarum
1568 1676 1609 1723 an
1634 1657 1772 1724 virorum

132 1757 264 1824 vocibus
285 1757 331 1824 illi
353 1759 425 1825 soni
446 1757 530 1824 hunc
551 1759 584 1822 in
610 1758 739 1826 modum
765 1781 784 1825 s
811 1760 967 1828 veteribus
995 1762 1109 1848 signati
1133 1761 1206 1828 sint.
1249 1762 1301 1829 lis
1322 1761 1382 1828 hau
1403 1760 1486 1828 enim
1512 1781 1548 1827 re
1574 1757 1771 1839 iudicabitur,

133 1870 235 1927 utrum
256 1871 340 1929 totus
362 1862 500 1928 omnium
522 1859 690 1929 modorum
711 1860 843 1930 ambitus
862 1862 1030 1951 ponendus
1051 1863 1093 1930 sit

1572 1981 1653 2079 b*

209 2205 291 2270 intra
312 2118 867 2451 aaron&
945 2204 1087 2271 snintm
1108 2204 1186 2272 hos:
1266 2047 1688 2404 Q

59 2558 66 2576 ·
133 2525 271 2603 Quarum
296 2526 452 2595 rationum
477 2528 615 2615 priorem
636 2529 743 2617 utique
763 2524 998 2615 praeferendam
1019 2546 1089 2594 esse
1110 2536 1247 2615 apparet
1290 2527 1443 2616 Alioquin
1465 2528 1548 2593 enim
1570 2523 1770 2613 mauhaimus

130 2628 226 2695 totius
248 2629 425 2709 systematis
447 2651 561 2710 sonus,
590 2653 682 2719 quem
710 2630 826 2718 ubique
853 2631 986 2717 primum
1014 2651 1127 2699 sonum
1152 2638 1274 2696 netues
1302 2640 1417 2697 vocant
1442 2651 1567 2711 eorum,
1595 2629 1649 2716 qui
1670 2624 1771 2695 audiri

130 2731 270 2818 possint,
301 2740 385 2797 esset
411 2730 491 2798 illud
515 2739 582 2813 dea,
616 2732 704 2819 quod
732 2718 763 2798 a*
777 2731 866 2798 nullo
893 2733 962 2797 uiro
988 2752 1054 2799 non
1080 2741 1187 2820 potest
1214 2730 1299 2812 cani,
1332 2748 1364 2798 et
1391 2733 1430 2800 ab
1456 2732 1512 2813 iis,
1547 2732 1601 2818 qui
1627 2729 1771 2814 gravim

133 2842 259 2899 amnon
279 2853 360 2897 vooe
379 2835 531 2910 (Βοιιαινι
551 2834 653 2899 nostri
674 2838 808 2913 vocant)
829 2834 926 2919 longe
945 2845 1115 2921 supersum
1159 2833 1323 2899 Praeterea
1343 2830 1479 2898 debilem
1500 2852 1613 2898 sonum
1633 2830 1770 2896 Graeoo·

131 2955 201 3001 rum
222 2932 373 3000 estilenee
394 2932 591 3015 habuissent,
617 2934 784 3022 praecipue
809 2935 843 3001 in
863 2935 1016 3001 immenso
1039 2933 1238 3000 Atheniensis
1259 2932 1371 2999 theatri
1393 2935 1511 3021 spatio,
1540 2934 1568 3000 si
1589 2929 1770 2997 harmoniae

130 3035 365 3103 fundamentum
386 3057 428 3101 ne
448 3038 515 3104 eius
538 3038 664 3126 quidem
685 3037 881 3103 instrumenti
902 3039 1004 3105 nostri
1024 3036 1239 3124 gravissimum
1260 3057 1373 3102 sonum
1394 3037 1562 3122 attigisset,
1592 3030 1679 3122 quod
1701 3051 1771 3099 eum

130 3137 219 3205 Italis
250 3141 361 3206 Vioim
393 3160 550 3227 vocamus.
608 3140 683 3207 Alia
715 3138 842 3227 quidem
873 3137 948 3204 inde
978 3139 1115 3206 nascitur
1149 3137 1332 3227 difficultas,
1365 3160 1460 3226 quum
1493 3139 1538 3204 its
1569 3134 1771 3203 constitutum

132 3250 268 3323 systema
288 3263 354 3307 non
380 3243 487 3330 paneis
508 3265 617 3311 eorum
642 3263 793 3310 sonorum
815 3251 932 3323 eareat,
960 3263 1041 3329 quos
1063 3241 1114 3308 sel
1140 3241 1308 3309 mediocris
1336 3241 1495 3308 muliebris
1517 3261 1583 3307 vox
1604 3232 1771 3305 commode

75 3354 76 3358 ’
132 3365 244 3411 uenere
263 3346 380 3433 possit,
409 3366 553 3434 quosque
578 3345 620 3413 ab
642 3344 833 3413 acutioribus
858 3344 1128 3427 instrumentis‘),
1156 3343 1299 3433 prolatos
1326 3343 1423 3412 luisse
1445 3353 1688 3411 eomeuuneusn
1711 3349 1768 3409 eat.

148 3614 181 3683 3)
199 3613 277 3670 satu
295 3615 548 3671 sternutationibus
566 3615 696 3673 illustrata
714 3636 727 3672 a
749 3635 792 3672 me
814 3625 875 3672 sunt
896 3617 923 3671 in
945 3615 1026 3672 libro:
1060 3619 1110 3672 Dic
1127 3619 1251 3690 Ηγιοιιοι
1268 3621 1316 3673 des
1333 3618 1520 3688 Dionysias
1539 3618 1596 3672 aad
1613 3617 1770 3672 Merena·

200 3705 265 3756 θεν.
303 3701 369 3754 Text
387 3705 443 3755 aad
460 3702 608 3756 Maledicere
624 3706 694 3757 such
712 3701 934 3771 Husdachrvlss
956 3706 1013 3757 ssd
1028 3706 1079 3758 ἀοι
1096 3706 1170 3758 atem
1186 3704 1337 3775 Augaia
1355 3704 1518 3768 bcarbcitcty
1535 3703 1586 3758 nit
1601 3703 1661 3757 οἱον
1678 3697 1769 3761 &siu-

199 3787 383 3855 dracltossls.
420 3790 527 3851 Berlin,
551 3789 643 3842 ,θοαί
662 3790 804 3852 stratam,
823 3784 899 3841 18¹0.

149 3906 184 3973 d)
201 3901 294 3979 Neque
316 3900 403 3957 obstat
421 3902 553 3959 Pindarici
575 3904 700 3960 carminis
717 3900 844 3970 melodia,
866 3910 1072 3978 quaererentur
1093 3903 1159 3957 iutra
1176 3922 1256 3960 sonos
1276 3892 1341 3962 ΡΟ
1355 3903 1402 3973 (i)
1420 3912 1448 3958 et
1464 3883 1544 3954 ΠΖ
1558 3891 1618 3969 (d).
1658 3896 1710 3956 cai
1730 3906 1769 3953 ts·

199 4008 261 4045 men
283 4006 334 4043 aon
357 3986 468 4044 multum
486 3991 648 4045 securitatis
668 3988 837 4047 tribuendum
855 4006 927 4055 cass,
949 3987 976 4045 in
998 3986 1093 4044 eodem
1111 3985 1158 4043 illo
1180 3985 1266 4057 libro,
1285 3993 1329 4046 dia
1347 3992 1468 4061 llymacs
1484 3994 1531 4045 dcs
1549 3987 1697 4057 Dionysias
1715 3985 1772 4039 aad

199 4076 379 4137 Mssa-sdes,
395 4072 473 4129 docui
490 4092 548 4150 pag.
568 4075 653 4130 1-3.

148 4195 181 4263 5)
199 4190 294 4267 Qualia
312 4199 374 4249 sttui
391 4190 521 4259 σαμβύκη,
544 4212 622 4268 quam
639 4191 831 4249 Athenaeus
847 4189 924 4248 le.
944 4213 973 4270 p·
989 4191 1049 4247 633.
1068 4189 1086 4246 i·
1106 4189 1171 4247 dicit
1193 4185 1360 4262 ὀξύφθογγον
1377 4196 1442 4245 εἶναι
1457 4189 1581 4261 μουσικὸν
1599 4183 1723 4261 ὄργανον,
1743 4193 1771 4240 02

200 4273 337 4332 Aristid.
359 4294 386 4351 p.
404 4279 466 4331 lut:
492 4270 584 4344 ιῖγεννιξ
600 4297 625 4329 τε
645 4269 724 4330 οὖσαν
740 4281 782 4328 καὶ
798 4272 864 4346 μετὰ
881 4277 977 4344 πολλῆς
999 4270 1120 4343 ὄξότητος
1142 4271 1185 4328 dui
1200 4272 1248 4344 τὴν
1263 4274 1404 4348 μικρότητα
1424 4276 1475 4328 τοῖν
1494 4275 1594 4348 populeis
1616 4275 1651 4332 eir
1674 4274 1770 4324 {moro

200 4358 382 4431 περιάγουσαν,
399 4387 432 4400 -
451 4361 513 4414 item
532 4367 669 4430 παρθένιοι
687 4368 713 4414 ct
729 4362 843 4412 ααιδαοὶ
862 4354 952 4427 aiter,
970 4361 1067 4436 quibus
1084 4361 1197 4437 oppositi
1213 4370 1274 4416 sunl
1292 4356 1420 4432 ἀνδρεῖοι,
1442 4362 1547 4424 οἵτινες,
1570 4367 1600 4415 at
1616 4358 1653 4413 flll
1668 4353 1769 4412 ΜΝ·

201 4464 298 4500 οεεοο
316 4442 361 4500 lV.
379 4464 404 4522 p.
424 4445 480 4498 176.
500 4442 532 4510 h,
550 4446 683 4498 asisinat
699 4447 792 4497 τέλειοί
806 4463 832 4496 ιε
850 4449 892 4496 καὶ
909 4442 1072 4514 ὑπερτέλειοι.
1109 4442 1227 4501 Pollux
1248 4443 1293 4501 Ν.
1311 4446 1358 4500 81:
1375 4453 1430 4504 τοῖς
1446 4449 1493 4514 μεν
1510 4448 1663 4516 παρθενίοις
1680 4432 1769 4497 adluis

201 4534 327 4597 παρθένοι
343 4526 537 4599 αροςεγόρευον,
555 4537 611 4587 τοῖς
628 4531 655 4581 dl
672 4531 798 4586 παιδικοῖς
815 4529 904 4586 παῖδες
920 4529 1061 4599 προςῇδον·
1080 4533 1106 4581 ol
1125 4531 1151 4581 dl
1168 4525 1320 4598 ὑπερτέλειοι
1338 4522 1414 4582 αὐλοὶ
1430 4535 1652 4601 προςεφθίγγοννο
1670 4517 1769 4593 ἇνδρῦν

199 4619 296 4679 χοροῖς.
331 4609 423 4688 ltaque
442 4613 603 4687 gravissimis
620 4615 766 4688 graviorum
786 4621 813 4667 ct
829 4613 987 4668 acutissimis
1005 4615 1150 4670 sanderum
1168 4614 1397 4670 instrumentorum
1413 4616 1499 4678 sonis,
1518 4624 1546 4669 ct
1561 4609 1652 4667 itidem
1669 4607 1768 4683 gravis·

200 4694 275 4749 simis
296 4695 410 4752 visorum
434 4704 461 4750 st
482 4697 641 4752 acutissimis
663 4715 802 4774 puerorum
825 4695 868 4752 rel
893 4695 1060 4767 laminarum,
1090 4701 1173 4755 mains
1197 4696 1361 4754 intervallum
1387 4698 1563 4764 efficiebatur,
1588 4713 1667 4771 quam
1689 4693 1768 4750 trium

201 4789 351 4835 octavarum
373 4780 497 4837 etunius
520 4782 591 4846 soni,
619 4801 671 4858 qno
695 4780 926 4858 comprehenditur
945 4792 1062 4856 systema
1086 4781 1250 4861 quindecim·
1264 4783 1416 4851 modorum,
1439 4782 1466 4838 id
1489 4779 1559 4859 qaod
1581 4777 1680 4836 dlacrts
1702 4775 1769 4834 dicit

200 4864 415 4921 Aristoxenus
438 4884 464 4944 p.
480 4868 528 4922 Pl:
549 4863 617 4931 τάχα
634 4861 683 4937 γὰρ
700 4861 716 4918 d
732 4867 782 4918 sair
803 4871 951 4937 παρθενίαν
972 4861 1055 4920 αὐλεῖν
1079 4862 1201 4937 ὀξύτατος
1218 4865 1340 4938 φθόγγος
1359 4865 1423 4936 πρὸς
1444 4865 1491 4920 τὸν
1505 4861 1669 4936 derveisin·
1683 4862 1766 4937 βαρύ-

199 4968 276 5003 νανον
297 4946 387 5019 μεῖζον
403 4942 436 5002 air
451 4947 568 5019 misisses
588 4949 637 5004 sori
653 4953 786 5022 εἰρημένου
806 4953 862 5024 τρὶς
879 4947 923 5005 daei
939 4948 1187 5023 reviviscimus·
1209 4955 1270 5022 aad,
1282 4940 1518 5020 ’κακοπαθείης
1533 4968 1562 5018 γε
1576 4949 1624 5017 τῆς
1640 4945 1767 5022 σύριγγος,
